dateTime,countPerMinute,radiationValue,timeSpent,LIBRADCount
2022-03-25 19:09:29.398611,24.0000,0.1949,10000,4
2022-03-25 19:09:39.558699,24.0000,0.1949,10000,4
2022-03-25 19:09:49.703902,12.0000,0.0974,10000,2
2022-03-25 19:09:59.849109,36.0000,0.2923,10000,6
2022-03-25 19:10:09.994298,42.0000,0.3410,10000,7
2022-03-25 19:10:20.154137,30.0000,0.2436,10000,5
2022-03-25 19:10:30.299186,6.0000,0.0487,10000,1
2022-03-25 19:10:40.444245,18.0000,0.1462,10000,3
2022-03-25 19:10:50.589441,12.0000,0.0974,10000,2
2022-03-25 19:11:00.734579,48.0000,0.3898,10000,8
2022-03-25 19:11:10.879641,12.0000,0.0974,10000,2
2022-03-25 19:11:21.024417,6.0000,0.0487,10000,1
2022-03-25 19:11:31.184466,12.0000,0.0974,10000,2
2022-03-25 19:11:41.329478,36.0000,0.2923,10000,6
2022-03-25 19:11:51.474499,42.0000,0.3410,10000,7
2022-03-25 19:12:01.619623,30.0000,0.2436,10000,5
2022-03-25 19:12:11.764552,12.0000,0.0974,10000,2
2022-03-25 19:12:21.909346,18.0000,0.1462,10000,3
2022-03-25 19:12:32.054548,6.0000,0.0487,10000,1
2022-03-25 19:12:42.199355,6.0000,0.0487,10000,1
2022-03-25 19:12:52.359532,24.0000,0.1949,10000,4
2022-03-25 19:13:02.504541,6.0000,0.0487,10000,1
2022-03-25 19:13:12.649724,12.0000,0.0974,10000,2
2022-03-25 19:13:22.794700,12.0000,0.0974,10000,2
2022-03-25 19:13:32.939661,6.0000,0.0487,10000,1
2022-03-25 19:13:43.084928,18.0000,0.1462,10000,3
2022-03-25 19:13:53.229937,6.0000,0.0487,10000,1
2022-03-25 19:14:03.389856,0.0000,0.0000,10000,0
2022-03-25 19:14:13.534955,24.0000,0.1949,10000,4
2022-03-25 19:14:23.680008,18.0000,0.1462,10000,3
2022-03-25 19:14:33.824975,6.0000,0.0487,10000,1
2022-03-25 19:14:43.970123,6.0000,0.0487,10000,1
2022-03-25 19:14:54.115191,24.0000,0.1949,10000,4
2022-03-25 19:15:04.260161,0.0000,0.0000,10000,0
2022-03-25 19:15:14.420148,24.0000,0.1949,10000,4
2022-03-25 19:15:24.565179,12.0000,0.0974,10000,2
2022-03-25 19:15:34.710252,12.0000,0.0974,10000,2
2022-03-25 19:15:44.855138,0.0000,0.0000,10000,0
2022-03-25 19:15:55.000236,18.0000,0.1462,10000,3
2022-03-25 19:16:05.145283,12.0000,0.0974,10000,2
2022-03-25 19:16:15.290366,12.0000,0.0974,10000,2
2022-03-25 19:16:25.450336,12.0000,0.0974,10000,2
2022-03-25 19:16:35.595386,0.0000,0.0000,10000,0
2022-03-25 19:16:45.740591,24.0000,0.1949,10000,4
2022-03-25 19:16:55.885523,0.0000,0.0000,10000,0
2022-03-25 19:17:06.030680,18.0000,0.1462,10000,3
2022-03-25 19:17:16.175797,30.0000,0.2436,10000,5
2022-03-25 19:17:26.335631,6.0000,0.0487,10000,1
2022-03-25 19:17:36.480740,24.0000,0.1949,10000,4
2022-03-25 19:17:46.625873,18.0000,0.1462,10000,3
2022-03-25 19:17:56.770904,24.0000,0.1949,10000,4
2022-03-25 19:18:06.915968,18.0000,0.1462,10000,3
2022-03-25 19:18:17.060917,30.0000,0.2436,10000,5
2022-03-25 19:18:27.206179,6.0000,0.0487,10000,1
2022-03-25 19:18:37.366030,24.0000,0.1949,10000,4
2022-03-25 19:18:47.511047,12.0000,0.0974,10000,2
2022-03-25 19:18:57.655979,6.0000,0.0487,10000,1
2022-03-25 19:19:07.801078,36.0000,0.2923,10000,6
2022-03-25 19:19:17.946095,12.0000,0.0974,10000,2
2022-03-25 19:19:28.090969,0.0000,0.0000,10000,0
2022-03-25 19:19:38.236176,18.0000,0.1462,10000,3
2022-03-25 19:19:48.381265,12.0000,0.0974,10000,2
2022-03-25 19:19:58.526441,30.0000,0.2436,10000,5
2022-03-25 19:20:08.686245,6.0000,0.0487,10000,1
2022-03-25 19:20:18.831284,6.0000,0.0487,10000,1
2022-03-25 19:20:28.976531,36.0000,0.2923,10000,6
2022-03-25 19:20:39.121618,0.0000,0.0000,10000,0
2022-03-25 19:20:49.266804,12.0000,0.0974,10000,2
2022-03-25 19:20:59.426669,18.0000,0.1462,10000,3
2022-03-25 19:21:09.571723,12.0000,0.0974,10000,2
2022-03-25 19:21:19.716818,12.0000,0.0974,10000,2
2022-03-25 19:21:29.862030,6.0000,0.0487,10000,1
2022-03-25 19:21:40.007182,6.0000,0.0487,10000,1
2022-03-25 19:21:50.152280,24.0000,0.1949,10000,4
2022-03-25 19:22:00.296975,6.0000,0.0487,10000,1
2022-03-25 19:22:10.457173,12.0000,0.0974,10000,2
2022-03-25 19:22:20.602121,12.0000,0.0974,10000,2
2022-03-25 19:22:30.747195,42.0000,0.3410,10000,7
2022-03-25 19:22:40.892193,18.0000,0.1462,10000,3
2022-03-25 19:22:51.037109,0.0000,0.0000,10000,0
2022-03-25 19:23:01.182213,36.0000,0.2923,10000,6
2022-03-25 19:23:11.327076,0.0000,0.0000,10000,0
2022-03-25 19:23:21.472118,18.0000,0.1462,10000,3
2022-03-25 19:23:31.632090,24.0000,0.1949,10000,4
2022-03-25 19:23:41.777323,24.0000,0.1949,10000,4
2022-03-25 19:23:51.922502,30.0000,0.2436,10000,5
2022-03-25 19:24:02.067277,6.0000,0.0487,10000,1
2022-03-25 19:24:12.212552,24.0000,0.1949,10000,4
2022-03-25 19:24:22.357631,30.0000,0.2436,10000,5
2022-03-25 19:24:32.517657,12.0000,0.0974,10000,2
2022-03-25 19:24:42.662852,30.0000,0.2436,10000,5
2022-03-25 19:24:52.807973,36.0000,0.2923,10000,6
2022-03-25 19:25:02.953234,24.0000,0.1949,10000,4
2022-03-25 19:25:13.113138,18.0000,0.1462,10000,3
2022-03-25 19:25:23.258311,18.0000,0.1462,10000,3
2022-03-25 19:25:33.403256,6.0000,0.0487,10000,1
2022-03-25 19:25:43.548259,0.0000,0.0000,10000,0
2022-03-25 19:25:53.693268,6.0000,0.0487,10000,1
2022-03-25 19:26:03.838419,30.0000,0.2436,10000,5
2022-03-25 19:26:13.983436,12.0000,0.0974,10000,2
2022-03-25 19:26:24.128487,0.0000,0.0000,10000,0
2022-03-25 19:26:34.288377,12.0000,0.0974,10000,2
2022-03-25 19:26:44.433406,36.0000,0.2923,10000,6
2022-03-25 19:26:54.578332,6.0000,0.0487,10000,1
2022-03-25 19:27:04.723737,36.0000,0.2923,10000,6
2022-03-25 19:27:14.868657,18.0000,0.1462,10000,3
2022-03-25 19:27:25.013585,18.0000,0.1462,10000,3
2022-03-25 19:27:35.173582,24.0000,0.1949,10000,4
2022-03-25 19:27:45.318559,6.0000,0.0487,10000,1
2022-03-25 19:27:55.463806,36.0000,0.2923,10000,6
2022-03-25 19:28:05.608827,0.0000,0.0000,10000,0
2022-03-25 19:28:15.754057,24.0000,0.1949,10000,4
2022-03-25 19:28:25.899027,30.0000,0.2436,10000,5
2022-03-25 19:28:36.059007,12.0000,0.0974,10000,2
2022-03-25 19:28:46.204052,24.0000,0.1949,10000,4
2022-03-25 19:28:56.349030,0.0000,0.0000,10000,0
2022-03-25 19:29:06.494392,6.0000,0.0487,10000,1
2022-03-25 19:29:16.639433,24.0000,0.1949,10000,4
2022-03-25 19:29:26.784233,6.0000,0.0487,10000,1
2022-03-25 19:29:36.929255,30.0000,0.2436,10000,5
2022-03-25 19:29:47.089212,18.0000,0.1462,10000,3
2022-03-25 19:29:57.234068,0.0000,0.0000,10000,0
2022-03-25 19:30:07.379206,36.0000,0.2923,10000,6
2022-03-25 19:30:17.524132,30.0000,0.2436,10000,5
2022-03-25 19:30:27.669225,12.0000,0.0974,10000,2
2022-03-25 19:30:37.814340,18.0000,0.1462,10000,3
2022-03-25 19:30:47.959165,24.0000,0.1949,10000,4
2022-03-25 19:30:58.119250,12.0000,0.0974,10000,2
2022-03-25 19:31:08.264193,12.0000,0.0974,10000,2
2022-03-25 19:31:18.409370,18.0000,0.1462,10000,3
2022-03-25 19:31:28.554385,6.0000,0.0487,10000,1
2022-03-25 19:31:38.699571,12.0000,0.0974,10000,2
2022-03-25 19:31:48.859619,36.0000,0.2923,10000,6
2022-03-25 19:31:59.004469,6.0000,0.0487,10000,1
2022-03-25 19:32:09.149549,18.0000,0.1462,10000,3
2022-03-25 19:32:19.294715,36.0000,0.2923,10000,6
2022-03-25 19:32:29.439874,42.0000,0.3410,10000,7
2022-03-25 19:32:39.584894,18.0000,0.1462,10000,3
2022-03-25 19:32:49.744860,18.0000,0.1462,10000,3
2022-03-25 19:32:59.890109,36.0000,0.2923,10000,6
2022-03-25 19:33:10.035105,30.0000,0.2436,10000,5
2022-03-25 19:33:20.180111,18.0000,0.1462,10000,3
2022-03-25 19:33:30.325029,6.0000,0.0487,10000,1
2022-03-25 19:33:40.470151,12.0000,0.0974,10000,2
2022-03-25 19:33:50.615133,24.0000,0.1949,10000,4
2022-03-25 19:34:00.760061,0.0000,0.0000,10000,0
2022-03-25 19:34:10.920224,24.0000,0.1949,10000,4
2022-03-25 19:34:21.065220,12.0000,0.0974,10000,2
2022-03-25 19:34:31.210305,6.0000,0.0487,10000,1
2022-03-25 19:34:41.355321,12.0000,0.0974,10000,2
2022-03-25 19:34:51.500645,12.0000,0.0974,10000,2
2022-03-25 19:35:01.660516,18.0000,0.1462,10000,3
2022-03-25 19:35:11.805496,6.0000,0.0487,10000,1
2022-03-25 19:35:21.950473,6.0000,0.0487,10000,1
2022-03-25 19:35:32.095783,24.0000,0.1949,10000,4
2022-03-25 19:35:42.240903,0.0000,0.0000,10000,0
2022-03-25 19:35:52.400905,18.0000,0.1462,10000,3
2022-03-25 19:36:02.545950,0.0000,0.0000,10000,0
2022-03-25 19:36:12.691019,18.0000,0.1462,10000,3
2022-03-25 19:36:22.836130,18.0000,0.1462,10000,3
2022-03-25 19:36:32.981243,18.0000,0.1462,10000,3
2022-03-25 19:36:43.126280,24.0000,0.1949,10000,4
2022-03-25 19:36:53.286104,24.0000,0.1949,10000,4
2022-03-25 19:37:03.431092,12.0000,0.0974,10000,2
2022-03-25 19:37:13.576516,12.0000,0.0974,10000,2
2022-03-25 19:37:23.721082,30.0000,0.2436,10000,5
2022-03-25 19:37:33.866088,12.0000,0.0974,10000,2
2022-03-25 19:37:44.011048,12.0000,0.0974,10000,2
2022-03-25 19:37:54.156000,6.0000,0.0487,10000,1
2022-03-25 19:38:04.301334,36.0000,0.2923,10000,6
2022-03-25 19:38:14.461049,6.0000,0.0487,10000,1
2022-03-25 19:38:24.606252,6.0000,0.0487,10000,1
2022-03-25 19:38:34.751491,24.0000,0.1949,10000,4
2022-03-25 19:38:44.896479,6.0000,0.0487,10000,1
2022-03-25 19:38:55.041378,6.0000,0.0487,10000,1
2022-03-25 19:39:05.201455,30.0000,0.2436,10000,5
2022-03-25 19:39:15.346487,12.0000,0.0974,10000,2
2022-03-25 19:39:25.491451,18.0000,0.1462,10000,3
2022-03-25 19:39:35.636669,12.0000,0.0974,10000,2
2022-03-25 19:39:45.781720,12.0000,0.0974,10000,2
2022-03-25 19:39:55.926783,24.0000,0.1949,10000,4
2022-03-25 19:40:06.071701,6.0000,0.0487,10000,1
2022-03-25 19:40:16.231705,18.0000,0.1462,10000,3
2022-03-25 19:40:26.376539,18.0000,0.1462,10000,3
2022-03-25 19:40:36.521550,24.0000,0.1949,10000,4
2022-03-25 19:40:46.666409,18.0000,0.1462,10000,3
2022-03-25 19:40:56.811392,18.0000,0.1462,10000,3
2022-03-25 19:41:06.956280,0.0000,0.0000,10000,0
2022-03-25 19:41:17.101343,24.0000,0.1949,10000,4
2022-03-25 19:41:27.246633,18.0000,0.1462,10000,3
2022-03-25 19:41:37.406426,12.0000,0.0974,10000,2
2022-03-25 19:41:47.551463,12.0000,0.0974,10000,2
2022-03-25 19:41:57.696595,18.0000,0.1462,10000,3
2022-03-25 19:42:07.841831,30.0000,0.2436,10000,5
2022-03-25 19:42:17.986796,12.0000,0.0974,10000,2
2022-03-25 19:42:28.131646,6.0000,0.0487,10000,1
2022-03-25 19:42:38.291595,12.0000,0.0974,10000,2
2022-03-25 19:42:48.436803,12.0000,0.0974,10000,2
2022-03-25 19:42:58.581855,12.0000,0.0974,10000,2
2022-03-25 19:43:08.726970,24.0000,0.1949,10000,4
2022-03-25 19:43:18.871987,0.0000,0.0000,10000,0
2022-03-25 19:43:29.017094,0.0000,0.0000,10000,0
2022-03-25 19:43:39.177109,12.0000,0.0974,10000,2
2022-03-25 19:43:49.322222,30.0000,0.2436,10000,5
2022-03-25 19:43:59.467219,6.0000,0.0487,10000,1
2022-03-25 19:44:09.612177,24.0000,0.1949,10000,4
2022-03-25 19:44:19.757226,12.0000,0.0974,10000,2
2022-03-25 19:44:29.902183,6.0000,0.0487,10000,1
2022-03-25 19:44:40.062212,30.0000,0.2436,10000,5
2022-03-25 19:44:50.207369,24.0000,0.1949,10000,4
2022-03-25 19:45:00.352375,24.0000,0.1949,10000,4
2022-03-25 19:45:10.497506,24.0000,0.1949,10000,4
2022-03-25 19:45:20.642559,18.0000,0.1462,10000,3
2022-03-25 19:45:30.802486,12.0000,0.0974,10000,2
2022-03-25 19:45:40.947568,12.0000,0.0974,10000,2
2022-03-25 19:45:51.092584,24.0000,0.1949,10000,4
2022-03-25 19:46:01.237597,6.0000,0.0487,10000,1
2022-03-25 19:46:11.382546,0.0000,0.0000,10000,0
2022-03-25 19:46:21.527458,6.0000,0.0487,10000,1
2022-03-25 19:46:31.672560,18.0000,0.1462,10000,3
2022-03-25 19:46:41.832513,12.0000,0.0974,10000,2
2022-03-25 19:46:51.977551,24.0000,0.1949,10000,4
2022-03-25 19:47:02.122574,0.0000,0.0000,10000,0
2022-03-25 19:47:12.267428,0.0000,0.0000,10000,0
2022-03-25 19:47:22.412535,18.0000,0.1462,10000,3
2022-03-25 19:47:32.557305,0.0000,0.0000,10000,0
2022-03-25 19:47:42.702510,24.0000,0.1949,10000,4
2022-03-25 19:47:52.862258,18.0000,0.1462,10000,3
2022-03-25 19:48:03.007318,12.0000,0.0974,10000,2
2022-03-25 19:48:13.152101,30.0000,0.2436,10000,5
2022-03-25 19:48:23.296966,18.0000,0.1462,10000,3
2022-03-25 19:48:33.442073,12.0000,0.0974,10000,2
2022-03-25 19:48:43.587062,12.0000,0.0974,10000,2
2022-03-25 19:48:53.732005,6.0000,0.0487,10000,1
2022-03-25 19:49:03.877227,12.0000,0.0974,10000,2
2022-03-25 19:49:14.037167,24.0000,0.1949,10000,4
2022-03-25 19:49:24.182187,30.0000,0.2436,10000,5
2022-03-25 19:49:34.327316,18.0000,0.1462,10000,3
2022-03-25 19:49:44.472292,6.0000,0.0487,10000,1
2022-03-25 19:49:54.617420,24.0000,0.1949,10000,4
2022-03-25 19:50:04.762454,0.0000,0.0000,10000,0
2022-03-25 19:50:14.922430,18.0000,0.1462,10000,3
2022-03-25 19:50:25.067406,30.0000,0.2436,10000,5
2022-03-25 19:50:35.212387,30.0000,0.2436,10000,5
2022-03-25 19:50:45.357423,18.0000,0.1462,10000,3
2022-03-25 19:50:55.502401,0.0000,0.0000,10000,0
2022-03-25 19:51:05.647373,6.0000,0.0487,10000,1
2022-03-25 19:51:15.792299,18.0000,0.1462,10000,3
2022-03-25 19:51:25.952322,18.0000,0.1462,10000,3
2022-03-25 19:51:36.097396,18.0000,0.1462,10000,3
2022-03-25 19:51:46.242375,18.0000,0.1462,10000,3
2022-03-25 19:51:56.387579,42.0000,0.3410,10000,7
2022-03-25 19:52:06.532629,36.0000,0.2923,10000,6
2022-03-25 19:52:16.692571,24.0000,0.1949,10000,4
2022-03-25 19:52:26.837627,6.0000,0.0487,10000,1
2022-03-25 19:52:36.982823,24.0000,0.1949,10000,4
2022-03-25 19:52:47.127824,6.0000,0.0487,10000,1
2022-03-25 19:52:57.272978,12.0000,0.0974,10000,2
2022-03-25 19:53:07.432994,36.0000,0.2923,10000,6
2022-03-25 19:53:17.578015,12.0000,0.0974,10000,2
2022-03-25 19:53:27.722923,6.0000,0.0487,10000,1
2022-03-25 19:53:37.867935,0.0000,0.0000,10000,0
2022-03-25 19:53:48.012925,18.0000,0.1462,10000,3
2022-03-25 19:53:58.157947,12.0000,0.0974,10000,2
2022-03-25 19:54:08.318059,36.0000,0.2923,10000,6
2022-03-25 19:54:18.463025,18.0000,0.1462,10000,3
2022-03-25 19:54:28.608189,54.0000,0.4385,10000,9
2022-03-25 19:54:38.753569,30.0000,0.2436,10000,5
2022-03-25 19:54:48.898564,12.0000,0.0974,10000,2
2022-03-25 19:54:59.058340,36.0000,0.2923,10000,6
2022-03-25 19:55:09.203109,6.0000,0.0487,10000,1
2022-03-25 19:55:19.348255,30.0000,0.2436,10000,5
2022-03-25 19:55:29.493272,24.0000,0.1949,10000,4
2022-03-25 19:55:39.638356,30.0000,0.2436,10000,5
2022-03-25 19:55:49.783273,30.0000,0.2436,10000,5
2022-03-25 19:55:59.928332,0.0000,0.0000,10000,0
2022-03-25 19:56:10.088380,18.0000,0.1462,10000,3
2022-03-25 19:56:20.233357,12.0000,0.0974,10000,2
2022-03-25 19:56:30.378455,24.0000,0.1949,10000,4
2022-03-25 19:56:40.523537,18.0000,0.1462,10000,3
2022-03-25 19:56:50.668373,6.0000,0.0487,10000,1
2022-03-25 19:57:00.813610,30.0000,0.2436,10000,5
2022-03-25 19:57:10.973617,12.0000,0.0974,10000,2
2022-03-25 19:57:21.118533,12.0000,0.0974,10000,2
2022-03-25 19:57:31.263576,12.0000,0.0974,10000,2
2022-03-25 19:57:41.408552,6.0000,0.0487,10000,1
2022-03-25 19:57:51.553616,12.0000,0.0974,10000,2
2022-03-25 19:58:01.698814,12.0000,0.0974,10000,2
2022-03-25 19:58:11.843886,24.0000,0.1949,10000,4
2022-03-25 19:58:22.003829,36.0000,0.2923,10000,6
2022-03-25 19:58:32.148863,18.0000,0.1462,10000,3
2022-03-25 19:58:42.293704,6.0000,0.0487,10000,1
2022-03-25 19:58:52.438610,6.0000,0.0487,10000,1
2022-03-25 19:59:02.583563,6.0000,0.0487,10000,1
2022-03-25 19:59:12.728642,30.0000,0.2436,10000,5
2022-03-25 19:59:22.873801,18.0000,0.1462,10000,3
2022-03-25 19:59:33.033493,6.0000,0.0487,10000,1
2022-03-25 19:59:43.178609,18.0000,0.1462,10000,3
2022-03-25 19:59:53.323705,30.0000,0.2436,10000,5
2022-03-25 20:00:03.468639,30.0000,0.2436,10000,5
2022-03-25 20:00:13.613729,12.0000,0.0974,10000,2
2022-03-25 20:00:23.773830,18.0000,0.1462,10000,3
2022-03-25 20:00:33.918710,6.0000,0.0487,10000,1
2022-03-25 20:00:44.063703,0.0000,0.0000,10000,0
2022-03-25 20:00:54.208932,30.0000,0.2436,10000,5
2022-03-25 20:01:04.354065,18.0000,0.1462,10000,3
2022-03-25 20:01:14.499166,30.0000,0.2436,10000,5
2022-03-25 20:01:24.659016,30.0000,0.2436,10000,5
2022-03-25 20:01:34.804156,18.0000,0.1462,10000,3
2022-03-25 20:01:44.949105,18.0000,0.1462,10000,3
2022-03-25 20:01:55.094219,18.0000,0.1462,10000,3
2022-03-25 20:02:05.239074,6.0000,0.0487,10000,1
2022-03-25 20:02:15.384089,12.0000,0.0974,10000,2
2022-03-25 20:02:25.544017,12.0000,0.0974,10000,2
2022-03-25 20:02:35.688914,6.0000,0.0487,10000,1
2022-03-25 20:02:45.833981,12.0000,0.0974,10000,2
2022-03-25 20:02:55.978937,24.0000,0.1949,10000,4
2022-03-25 20:03:06.123938,24.0000,0.1949,10000,4
2022-03-25 20:03:16.268888,12.0000,0.0974,10000,2
2022-03-25 20:03:26.413897,0.0000,0.0000,10000,0
2022-03-25 20:03:36.558863,30.0000,0.2436,10000,5
2022-03-25 20:03:46.719160,24.0000,0.1949,10000,4
2022-03-25 20:03:56.864395,12.0000,0.0974,10000,2
2022-03-25 20:04:07.009378,18.0000,0.1462,10000,3
2022-03-25 20:04:17.154245,6.0000,0.0487,10000,1
2022-03-25 20:04:27.299466,6.0000,0.0487,10000,1
2022-03-25 20:04:37.459348,30.0000,0.2436,10000,5
2022-03-25 20:04:47.604300,36.0000,0.2923,10000,6
2022-03-25 20:04:57.749286,30.0000,0.2436,10000,5
2022-03-25 20:05:07.894338,12.0000,0.0974,10000,2
2022-03-25 20:05:18.039208,6.0000,0.0487,10000,1
2022-03-25 20:05:28.184182,6.0000,0.0487,10000,1
2022-03-25 20:05:38.344257,18.0000,0.1462,10000,3
2022-03-25 20:05:48.489259,18.0000,0.1462,10000,3
2022-03-25 20:05:58.634511,36.0000,0.2923,10000,6
2022-03-25 20:06:08.779321,12.0000,0.0974,10000,2
2022-03-25 20:06:18.924256,12.0000,0.0974,10000,2
2022-03-25 20:06:29.069320,18.0000,0.1462,10000,3
2022-03-25 20:06:39.214281,36.0000,0.2923,10000,6
2022-03-25 20:06:49.374299,24.0000,0.1949,10000,4
2022-03-25 20:06:59.519261,6.0000,0.0487,10000,1
2022-03-25 20:07:09.664393,12.0000,0.0974,10000,2
2022-03-25 20:07:19.809433,0.0000,0.0000,10000,0
2022-03-25 20:07:29.954576,24.0000,0.1949,10000,4
2022-03-25 20:07:40.099532,6.0000,0.0487,10000,1
2022-03-25 20:07:50.259540,6.0000,0.0487,10000,1
2022-03-25 20:08:00.404778,30.0000,0.2436,10000,5
2022-03-25 20:08:10.549729,18.0000,0.1462,10000,3
2022-03-25 20:08:20.694816,12.0000,0.0974,10000,2
2022-03-25 20:08:30.839900,24.0000,0.1949,10000,4
2022-03-25 20:08:40.999796,30.0000,0.2436,10000,5
2022-03-25 20:08:51.145233,48.0000,0.3898,10000,8
2022-03-25 20:09:01.290294,0.0000,0.0000,10000,0
2022-03-25 20:09:11.435504,30.0000,0.2436,10000,5
2022-03-25 20:09:21.580459,12.0000,0.0974,10000,2
2022-03-25 20:09:31.740337,30.0000,0.2436,10000,5
2022-03-25 20:09:41.885363,24.0000,0.1949,10000,4
2022-03-25 20:09:52.030342,30.0000,0.2436,10000,5
2022-03-25 20:10:02.175264,6.0000,0.0487,10000,1
2022-03-25 20:10:12.320231,36.0000,0.2923,10000,6
2022-03-25 20:10:22.465217,36.0000,0.2923,10000,6
2022-03-25 20:10:32.610376,18.0000,0.1462,10000,3
2022-03-25 20:10:42.755269,18.0000,0.1462,10000,3
2022-03-25 20:10:52.915430,12.0000,0.0974,10000,2
2022-03-25 20:11:03.060573,30.0000,0.2436,10000,5
2022-03-25 20:11:13.205654,24.0000,0.1949,10000,4
2022-03-25 20:11:23.350605,0.0000,0.0000,10000,0
2022-03-25 20:11:33.510683,24.0000,0.1949,10000,4
2022-03-25 20:11:43.655723,18.0000,0.1462,10000,3
2022-03-25 20:11:53.800749,6.0000,0.0487,10000,1
2022-03-25 20:12:03.946066,18.0000,0.1462,10000,3
2022-03-25 20:12:14.090983,18.0000,0.1462,10000,3
2022-03-25 20:12:24.235923,12.0000,0.0974,10000,2
2022-03-25 20:12:34.395791,12.0000,0.0974,10000,2
2022-03-25 20:12:44.540916,12.0000,0.0974,10000,2
2022-03-25 20:12:54.685932,12.0000,0.0974,10000,2
2022-03-25 20:13:04.830986,24.0000,0.1949,10000,4
2022-03-25 20:13:14.975871,12.0000,0.0974,10000,2
2022-03-25 20:13:25.120727,0.0000,0.0000,10000,0
2022-03-25 20:13:35.265808,6.0000,0.0487,10000,1
2022-03-25 20:13:45.411000,18.0000,0.1462,10000,3
2022-03-25 20:13:55.570968,12.0000,0.0974,10000,2
2022-03-25 20:14:05.716007,6.0000,0.0487,10000,1
2022-03-25 20:14:15.861103,12.0000,0.0974,10000,2
2022-03-25 20:14:26.006055,6.0000,0.0487,10000,1
2022-03-25 20:14:36.151111,6.0000,0.0487,10000,1
2022-03-25 20:14:46.296373,12.0000,0.0974,10000,2
2022-03-25 20:14:56.456273,30.0000,0.2436,10000,5
2022-03-25 20:15:06.601444,54.0000,0.4385,10000,9
2022-03-25 20:15:16.746424,12.0000,0.0974,10000,2
2022-03-25 20:15:26.891544,6.0000,0.0487,10000,1
2022-03-25 20:15:37.036635,30.0000,0.2436,10000,5
2022-03-25 20:15:47.196559,12.0000,0.0974,10000,2
2022-03-25 20:15:57.341508,6.0000,0.0487,10000,1
2022-03-25 20:16:07.486657,24.0000,0.1949,10000,4
2022-03-25 20:16:17.631704,36.0000,0.2923,10000,6
2022-03-25 20:16:27.776688,18.0000,0.1462,10000,3
2022-03-25 20:16:37.921541,0.0000,0.0000,10000,0
2022-03-25 20:16:48.066778,6.0000,0.0487,10000,1
2022-03-25 20:16:58.211605,6.0000,0.0487,10000,1
2022-03-25 20:17:08.371638,12.0000,0.0974,10000,2
2022-03-25 20:17:18.516610,18.0000,0.1462,10000,3
2022-03-25 20:17:28.661501,24.0000,0.1949,10000,4
2022-03-25 20:17:38.806664,12.0000,0.0974,10000,2
2022-03-25 20:17:48.951625,12.0000,0.0974,10000,2
2022-03-25 20:17:59.111722,30.0000,0.2436,10000,5
2022-03-25 20:18:09.256754,36.0000,0.2923,10000,6
2022-03-25 20:18:19.401882,6.0000,0.0487,10000,1
2022-03-25 20:18:29.546823,24.0000,0.1949,10000,4
2022-03-25 20:18:39.691884,12.0000,0.0974,10000,2
2022-03-25 20:18:49.837056,30.0000,0.2436,10000,5
2022-03-25 20:18:59.982114,12.0000,0.0974,10000,2
2022-03-25 20:19:10.142036,18.0000,0.1462,10000,3
2022-03-25 20:19:20.287010,0.0000,0.0000,10000,0
2022-03-25 20:19:30.432012,6.0000,0.0487,10000,1
2022-03-25 20:19:40.577122,12.0000,0.0974,10000,2
2022-03-25 20:19:50.722086,12.0000,0.0974,10000,2
2022-03-25 20:20:00.867384,18.0000,0.1462,10000,3
2022-03-25 20:20:11.027249,6.0000,0.0487,10000,1
2022-03-25 20:20:21.172389,24.0000,0.1949,10000,4
2022-03-25 20:20:31.317267,12.0000,0.0974,10000,2
2022-03-25 20:20:41.462273,12.0000,0.0974,10000,2
2022-03-25 20:20:51.607229,6.0000,0.0487,10000,1
2022-03-25 20:21:01.752413,36.0000,0.2923,10000,6
2022-03-25 20:21:11.897374,18.0000,0.1462,10000,3
2022-03-25 20:21:22.042425,18.0000,0.1462,10000,3
2022-03-25 20:21:32.202373,18.0000,0.1462,10000,3
2022-03-25 20:21:42.347402,12.0000,0.0974,10000,2
2022-03-25 20:21:52.492625,24.0000,0.1949,10000,4
2022-03-25 20:22:02.637606,36.0000,0.2923,10000,6
2022-03-25 20:22:12.782947,24.0000,0.1949,10000,4
2022-03-25 20:22:22.927811,6.0000,0.0487,10000,1
2022-03-25 20:22:33.087811,18.0000,0.1462,10000,3
2022-03-25 20:22:43.232819,6.0000,0.0487,10000,1
2022-03-25 20:22:53.377997,18.0000,0.1462,10000,3
2022-03-25 20:23:03.522921,12.0000,0.0974,10000,2
2022-03-25 20:23:13.668142,30.0000,0.2436,10000,5
2022-03-25 20:23:23.827990,18.0000,0.1462,10000,3
2022-03-25 20:23:33.973082,12.0000,0.0974,10000,2
2022-03-25 20:23:44.118344,36.0000,0.2923,10000,6
2022-03-25 20:23:54.263153,0.0000,0.0000,10000,0
2022-03-25 20:24:04.408373,18.0000,0.1462,10000,3
2022-03-25 20:24:14.553163,6.0000,0.0487,10000,1
2022-03-25 20:24:24.698173,30.0000,0.2436,10000,5
2022-03-25 20:24:34.843155,18.0000,0.1462,10000,3
2022-03-25 20:24:45.003048,18.0000,0.1462,10000,3
2022-03-25 20:24:55.148055,6.0000,0.0487,10000,1
2022-03-25 20:25:05.293239,36.0000,0.2923,10000,6
2022-03-25 20:25:15.438214,12.0000,0.0974,10000,2
2022-03-25 20:25:25.583250,18.0000,0.1462,10000,3
2022-03-25 20:25:35.743397,54.0000,0.4385,10000,9
2022-03-25 20:25:45.888458,36.0000,0.2923,10000,6
2022-03-25 20:25:56.033476,18.0000,0.1462,10000,3
2022-03-25 20:26:06.178431,6.0000,0.0487,10000,1
2022-03-25 20:26:16.323487,18.0000,0.1462,10000,3
2022-03-25 20:26:26.468589,18.0000,0.1462,10000,3
2022-03-25 20:26:36.628758,24.0000,0.1949,10000,4
2022-03-25 20:26:46.773897,24.0000,0.1949,10000,4
2022-03-25 20:26:56.918984,12.0000,0.0974,10000,2
2022-03-25 20:27:07.063867,6.0000,0.0487,10000,1
2022-03-25 20:27:17.208997,12.0000,0.0974,10000,2
2022-03-25 20:27:27.353881,12.0000,0.0974,10000,2
2022-03-25 20:27:37.513915,30.0000,0.2436,10000,5
2022-03-25 20:27:47.658736,24.0000,0.1949,10000,4
2022-03-25 20:27:57.803772,18.0000,0.1462,10000,3
2022-03-25 20:28:07.948856,18.0000,0.1462,10000,3
2022-03-25 20:28:18.093838,48.0000,0.3898,10000,8
2022-03-25 20:28:28.238721,6.0000,0.0487,10000,1
2022-03-25 20:28:38.383817,12.0000,0.0974,10000,2
2022-03-25 20:28:48.544142,60.0000,0.4872,10000,10
2022-03-25 20:28:58.689469,24.0000,0.1949,10000,4
2022-03-25 20:29:08.834619,18.0000,0.1462,10000,3
2022-03-25 20:29:18.979443,6.0000,0.0487,10000,1
2022-03-25 20:29:29.124671,24.0000,0.1949,10000,4
2022-03-25 20:29:39.284622,24.0000,0.1949,10000,4
2022-03-25 20:29:49.429622,18.0000,0.1462,10000,3
2022-03-25 20:29:59.574727,18.0000,0.1462,10000,3
2022-03-25 20:30:09.719993,18.0000,0.1462,10000,3
2022-03-25 20:30:19.865183,24.0000,0.1949,10000,4
2022-03-25 20:30:30.010233,18.0000,0.1462,10000,3
2022-03-25 20:30:40.170106,12.0000,0.0974,10000,2
2022-03-25 20:30:50.315254,12.0000,0.0974,10000,2
2022-03-25 20:31:00.460362,6.0000,0.0487,10000,1
2022-03-25 20:31:10.605329,42.0000,0.3410,10000,7
2022-03-25 20:31:20.750452,18.0000,0.1462,10000,3
2022-03-25 20:31:30.895523,12.0000,0.0974,10000,2
2022-03-25 20:31:41.040393,24.0000,0.1949,10000,4
2022-03-25 20:31:51.185357,24.0000,0.1949,10000,4
2022-03-25 20:32:01.345345,12.0000,0.0974,10000,2
2022-03-25 20:32:11.490356,18.0000,0.1462,10000,3
2022-03-25 20:32:21.635670,36.0000,0.2923,10000,6
2022-03-25 20:32:31.780787,12.0000,0.0974,10000,2
2022-03-25 20:32:41.925988,24.0000,0.1949,10000,4
2022-03-25 20:32:52.086045,30.0000,0.2436,10000,5
2022-03-25 20:33:02.231115,12.0000,0.0974,10000,2
2022-03-25 20:33:12.376202,12.0000,0.0974,10000,2
2022-03-25 20:33:22.521361,36.0000,0.2923,10000,6
2022-03-25 20:33:32.666449,42.0000,0.3410,10000,7
2022-03-25 20:33:42.811627,6.0000,0.0487,10000,1
2022-03-25 20:33:52.971821,54.0000,0.4385,10000,9
2022-03-25 20:34:03.116953,0.0000,0.0000,10000,0
2022-03-25 20:34:13.262134,18.0000,0.1462,10000,3
2022-03-25 20:34:23.406920,24.0000,0.1949,10000,4
2022-03-25 20:34:33.567077,12.0000,0.0974,10000,2
2022-03-25 20:34:43.712175,24.0000,0.1949,10000,4
2022-03-25 20:34:53.857271,24.0000,0.1949,10000,4
2022-03-25 20:35:04.002348,6.0000,0.0487,10000,1
2022-03-25 20:35:14.147659,48.0000,0.3898,10000,8
2022-03-25 20:35:24.292622,12.0000,0.0974,10000,2
2022-03-25 20:35:34.437670,24.0000,0.1949,10000,4
2022-03-25 20:35:44.597613,6.0000,0.0487,10000,1
2022-03-25 20:35:54.742842,12.0000,0.0974,10000,2
2022-03-25 20:36:04.888093,12.0000,0.0974,10000,2
2022-03-25 20:36:15.032986,0.0000,0.0000,10000,0
2022-03-25 20:36:25.178238,6.0000,0.0487,10000,1
2022-03-25 20:36:35.323464,12.0000,0.0974,10000,2
2022-03-25 20:36:45.483410,12.0000,0.0974,10000,2
2022-03-25 20:36:55.628641,18.0000,0.1462,10000,3
2022-03-25 20:37:05.773633,6.0000,0.0487,10000,1
2022-03-25 20:37:15.918933,24.0000,0.1949,10000,4
2022-03-25 20:37:26.064165,12.0000,0.0974,10000,2
2022-03-25 20:37:36.224165,18.0000,0.1462,10000,3
2022-03-25 20:37:46.369332,12.0000,0.0974,10000,2
2022-03-25 20:37:56.514292,12.0000,0.0974,10000,2
2022-03-25 20:38:06.659291,6.0000,0.0487,10000,1
2022-03-25 20:38:16.804734,18.0000,0.1462,10000,3
2022-03-25 20:38:26.949714,0.0000,0.0000,10000,0
2022-03-25 20:38:37.109478,12.0000,0.0974,10000,2
2022-03-25 20:38:47.254594,12.0000,0.0974,10000,2
2022-03-25 20:38:57.399748,12.0000,0.0974,10000,2
2022-03-25 20:39:07.544797,24.0000,0.1949,10000,4
2022-03-25 20:39:17.689724,18.0000,0.1462,10000,3
2022-03-25 20:39:27.834821,18.0000,0.1462,10000,3
2022-03-25 20:39:37.979840,24.0000,0.1949,10000,4
2022-03-25 20:39:48.140012,18.0000,0.1462,10000,3
2022-03-25 20:39:58.285071,6.0000,0.0487,10000,1
2022-03-25 20:40:08.430347,30.0000,0.2436,10000,5
2022-03-25 20:40:18.575483,12.0000,0.0974,10000,2
2022-03-25 20:40:28.720505,0.0000,0.0000,10000,0
2022-03-25 20:40:38.865723,24.0000,0.1949,10000,4
2022-03-25 20:40:49.025808,6.0000,0.0487,10000,1
2022-03-25 20:40:59.170989,18.0000,0.1462,10000,3
2022-03-25 20:41:09.316213,12.0000,0.0974,10000,2
2022-03-25 20:41:19.461095,30.0000,0.2436,10000,5
2022-03-25 20:41:29.606520,24.0000,0.1949,10000,4
2022-03-25 20:41:39.766473,12.0000,0.0974,10000,2
2022-03-25 20:41:49.911700,12.0000,0.0974,10000,2
2022-03-25 20:42:00.056745,18.0000,0.1462,10000,3
2022-03-25 20:42:10.202131,48.0000,0.3898,10000,8
2022-03-25 20:42:20.347070,12.0000,0.0974,10000,2
2022-03-25 20:42:30.492098,12.0000,0.0974,10000,2
2022-03-25 20:42:40.652186,42.0000,0.3410,10000,7
2022-03-25 20:42:50.797213,12.0000,0.0974,10000,2
2022-03-25 20:43:00.942372,6.0000,0.0487,10000,1
2022-03-25 20:43:11.087407,6.0000,0.0487,10000,1
2022-03-25 20:43:21.232697,12.0000,0.0974,10000,2
2022-03-25 20:43:31.392719,18.0000,0.1462,10000,3
2022-03-25 20:43:41.538102,12.0000,0.0974,10000,2
2022-03-25 20:43:51.682991,6.0000,0.0487,10000,1
2022-03-25 20:44:01.828309,18.0000,0.1462,10000,3
2022-03-25 20:44:11.973606,36.0000,0.2923,10000,6
2022-03-25 20:44:22.133431,12.0000,0.0974,10000,2
2022-03-25 20:44:32.278537,18.0000,0.1462,10000,3
2022-03-25 20:44:42.423579,12.0000,0.0974,10000,2
2022-03-25 20:44:52.568840,6.0000,0.0487,10000,1
