dateTime,ozone,temperature,pressure,voltage
2022-03-25 19:09:26.899906,22.3,42.4,930.0,0.0937
2022-03-25 19:09:40.892081,28.6,42.4,874.2,0.0938
2022-03-25 19:09:54.851861,23.1,42.4,931.1,0.0938
2022-03-25 19:10:08.844022,23.7,42.4,873.9,0.0938
2022-03-25 19:10:22.836616,34.8,42.4,930.4,0.0938
2022-03-25 19:10:36.796294,31.0,42.4,874.2,0.0938
2022-03-25 19:10:50.788918,29.3,42.4,929.5,0.0938
2022-03-25 19:11:04.781118,32.3,42.4,874.4,0.0938
2022-03-25 19:11:18.740827,37.2,42.4,930.5,0.0938
2022-03-25 19:11:32.732953,36.8,42.4,874.9,0.0938
2022-03-25 19:11:46.725549,29.5,42.4,931.1,0.0938
2022-03-25 19:12:00.685307,28.8,42.4,873.7,0.0938
2022-03-25 19:12:14.677491,28.6,42.4,930.6,0.0939
2022-03-25 19:12:28.669709,36.8,42.4,873.9,0.0938
2022-03-25 19:12:42.629830,37.8,42.4,929.9,0.0939
2022-03-25 19:12:56.621975,34.0,42.4,873.3,0.0939
2022-03-25 19:13:10.614195,37.6,42.4,929.7,0.0939
2022-03-25 19:13:24.573883,40.5,42.4,874.1,0.0939
2022-03-25 19:13:38.566496,36.1,42.4,930.3,0.0939
2022-03-25 19:13:52.525830,30.3,42.4,874.5,0.0939
2022-03-25 19:14:06.518368,36.6,42.4,931.1,0.0939
2022-03-25 19:14:20.510568,36.4,42.4,874.4,0.0939
2022-03-25 19:14:34.470222,32.3,42.4,931.0,0.0939
2022-03-25 19:14:48.462848,33.2,42.4,874.0,0.0939
2022-03-25 19:15:02.455075,31.4,42.4,930.8,0.0940
2022-03-25 19:15:16.414719,34.2,42.4,873.4,0.0940
2022-03-25 19:15:30.407301,37.3,42.4,930.0,0.0940
2022-03-25 19:15:44.399513,32.2,42.4,873.0,0.0940
2022-03-25 19:15:58.359156,26.4,42.4,929.5,0.0940
2022-03-25 19:16:12.351378,26.3,42.4,873.5,0.0940
2022-03-25 19:16:26.343943,28.6,42.4,930.1,0.0940
2022-03-25 19:16:40.303671,24.6,42.4,874.4,0.0940
2022-03-25 19:16:54.295827,22.4,42.4,931.1,0.0940
2022-03-25 19:17:08.288027,25.9,42.4,874.1,0.0940
2022-03-25 19:17:22.247742,32.9,42.4,930.6,0.0940
2022-03-25 19:17:36.240325,38.7,42.4,873.8,0.0940
2022-03-25 19:17:50.232535,36.3,42.5,930.1,0.0940
2022-03-25 19:18:04.192187,39.1,42.5,873.8,0.0940
2022-03-25 19:18:18.184813,44.5,42.5,929.4,0.0941
2022-03-25 19:18:32.176971,42.4,42.5,873.9,0.0941
2022-03-25 19:18:46.136678,46.6,42.6,929.9,0.0941
2022-03-25 19:19:00.128906,50.3,42.6,873.6,0.0941
2022-03-25 19:19:14.121483,45.8,42.6,930.9,0.0941
2022-03-25 19:19:28.080905,32.4,42.7,873.9,0.0941
2022-03-25 19:19:42.073310,24.1,42.7,930.8,0.0941
2022-03-25 19:19:56.065497,19.7,42.7,874.1,0.0941
2022-03-25 19:20:10.025598,17.8,42.8,930.5,0.0941
2022-03-25 19:20:24.017935,21.7,42.8,874.0,0.0942
2022-03-25 19:20:38.010040,19.7,42.8,930.3,0.0942
2022-03-25 19:20:51.969688,28.5,42.8,873.6,0.0942
2022-03-25 19:21:05.962337,34.1,42.9,929.6,0.0942
2022-03-25 19:21:19.921578,29.0,42.9,873.4,0.0942
2022-03-25 19:21:33.914198,28.1,42.9,929.3,0.0942
2022-03-25 19:21:47.906355,29.3,42.9,873.3,0.0942
2022-03-25 19:22:01.866007,30.2,42.9,929.4,0.0942
2022-03-25 19:22:15.858650,34.3,42.9,873.5,0.0942
2022-03-25 19:22:29.850834,35.1,42.9,929.3,0.0942
2022-03-25 19:22:43.810545,25.5,42.9,873.7,0.0942
2022-03-25 19:22:57.803122,23.3,42.9,929.7,0.0942
2022-03-25 19:23:11.795259,25.4,42.9,873.9,0.0942
2022-03-25 19:23:25.754932,24.4,42.9,929.8,0.0943
2022-03-25 19:23:39.747203,28.8,42.9,874.0,0.0943
2022-03-25 19:23:53.739791,33.4,42.9,929.5,0.0943
2022-03-25 19:24:07.699077,37.4,42.9,873.9,0.0943
2022-03-25 19:24:21.691683,29.9,42.9,929.3,0.0943
2022-03-25 19:24:35.683821,22.3,42.9,873.5,0.0943
2022-03-25 19:24:49.643519,30.4,42.9,929.4,0.0943
2022-03-25 19:25:03.636138,36.9,42.9,874.2,0.0943
2022-03-25 19:25:17.628341,26.8,42.9,929.9,0.0943
2022-03-25 19:25:31.587599,16.7,42.9,874.2,0.0943
2022-03-25 19:25:45.580636,17.9,42.9,930.7,0.0944
2022-03-25 19:25:59.572786,24.8,42.9,874.9,0.0944
2022-03-25 19:26:13.532486,31.1,42.9,931.0,0.0944
2022-03-25 19:26:27.524625,26.9,42.9,875.4,0.0944
2022-03-25 19:26:41.517291,27.9,42.9,930.1,0.0944
2022-03-25 19:26:55.476982,32.5,42.9,874.4,0.0944
2022-03-25 19:27:09.469160,34.2,42.9,929.6,0.0944
2022-03-25 19:27:23.461353,46.3,42.9,873.3,0.0944
2022-03-25 19:27:37.421023,49.7,42.9,930.3,0.0944
2022-03-25 19:27:51.413587,37.1,42.9,874.5,0.0944
2022-03-25 19:28:05.373337,37.8,42.9,931.1,0.0945
2022-03-25 19:28:19.365529,43.0,42.9,874.8,0.0945
2022-03-25 19:28:33.358073,44.6,43.0,929.6,0.0945
2022-03-25 19:28:47.317377,38.1,43.0,874.4,0.0945
2022-03-25 19:29:01.309990,31.4,43.1,931.0,0.0945
2022-03-25 19:29:15.302135,28.4,43.1,874.0,0.0945
2022-03-25 19:29:29.261893,25.8,43.2,930.4,0.0945
2022-03-25 19:29:43.254045,29.1,43.3,875.0,0.0945
2022-03-25 19:29:57.246631,30.4,43.3,929.5,0.0945
2022-03-25 19:30:11.206312,34.4,43.3,874.7,0.0945
2022-03-25 19:30:25.198554,41.6,43.4,930.5,0.0946
2022-03-25 19:30:39.191154,32.3,43.4,874.1,0.0946
2022-03-25 19:30:53.150852,22.4,43.4,931.0,0.0946
2022-03-25 19:31:07.142988,29.3,43.4,873.8,0.0946
2022-03-25 19:31:21.135651,20.2,43.4,930.5,0.0946
2022-03-25 19:31:35.094916,10.7,43.4,874.8,0.0946
2022-03-25 19:31:49.087517,16.7,43.4,929.5,0.0946
2022-03-25 19:32:03.079697,30.9,43.4,874.2,0.0946
2022-03-25 19:32:17.039409,31.4,43.4,930.4,0.0946
2022-03-25 19:32:31.031962,16.8,43.4,873.8,0.0946
2022-03-25 19:32:45.024167,21.0,43.4,930.9,0.0946
2022-03-25 19:32:58.983902,40.0,43.4,874.4,0.0946
2022-03-25 19:33:12.976540,48.7,43.4,930.4,0.0947
2022-03-25 19:33:26.968704,41.7,43.4,874.9,0.0947
2022-03-25 19:33:40.928389,32.6,43.4,929.3,0.0947
2022-03-25 19:33:54.920562,26.5,43.4,874.5,0.0947
2022-03-25 19:34:08.913159,23.4,43.4,930.1,0.0947
2022-03-25 19:34:22.872468,31.7,43.4,873.9,0.0947
2022-03-25 19:34:36.865058,35.0,43.4,930.7,0.0947
2022-03-25 19:34:50.857269,27.9,43.4,874.6,0.0947
2022-03-25 19:35:04.816942,28.7,43.4,929.5,0.0947
2022-03-25 19:35:18.809559,25.8,43.4,874.7,0.0947
2022-03-25 19:35:32.769253,20.2,43.4,930.5,0.0947
2022-03-25 19:35:46.761405,23.2,43.4,873.9,0.0947
2022-03-25 19:36:00.754029,30.8,43.4,930.5,0.0947
2022-03-25 19:36:14.713345,31.0,43.4,875.4,0.0946
2022-03-25 19:36:28.705954,32.3,43.4,929.3,0.0947
2022-03-25 19:36:42.698118,35.0,43.4,874.0,0.0946
2022-03-25 19:36:56.657869,29.2,43.4,930.4,0.0946
2022-03-25 19:37:10.650037,22.7,43.4,875.1,0.0946
2022-03-25 19:37:24.642638,19.6,43.4,930.1,0.0946
2022-03-25 19:37:38.602292,25.8,43.4,874.3,0.0946
2022-03-25 19:37:52.594502,28.8,43.4,929.7,0.0946
2022-03-25 19:38:06.587130,28.9,43.4,873.7,0.0946
2022-03-25 19:38:20.546724,37.8,43.4,930.4,0.0946
2022-03-25 19:38:34.538982,50.3,43.4,874.4,0.0946
2022-03-25 19:38:48.531157,53.1,43.4,930.7,0.0946
2022-03-25 19:39:02.490888,45.5,43.4,874.7,0.0946
2022-03-25 19:39:16.483372,36.9,43.4,929.6,0.0946
2022-03-25 19:39:30.475573,36.9,43.4,873.5,0.0946
2022-03-25 19:39:44.435284,34.3,43.4,929.3,0.0946
2022-03-25 19:39:58.427520,31.4,43.4,873.5,0.0946
2022-03-25 19:40:12.420109,38.7,43.4,929.9,0.0946
2022-03-25 19:40:26.379329,40.1,43.4,873.9,0.0946
2022-03-25 19:40:40.371925,43.9,43.4,930.0,0.0946
2022-03-25 19:40:54.364127,53.3,43.4,874.1,0.0945
2022-03-25 19:41:08.324256,53.3,43.4,929.8,0.0945
2022-03-25 19:41:22.316440,48.3,43.4,873.7,0.0945
2022-03-25 19:41:36.308583,49.6,43.4,929.8,0.0945
2022-03-25 19:41:50.268279,54.8,43.4,873.3,0.0945
2022-03-25 19:42:04.260913,49.8,43.4,929.3,0.0945
2022-03-25 19:42:18.253077,38.3,43.4,872.9,0.0945
2022-03-25 19:42:32.212828,37.3,43.4,929.3,0.0945
2022-03-25 19:42:46.204936,34.5,43.4,874.0,0.0945
2022-03-25 19:43:00.164672,22.8,43.4,930.5,0.0945
2022-03-25 19:43:14.157283,23.8,43.4,874.4,0.0945
2022-03-25 19:43:28.149457,28.9,43.3,930.4,0.0945
2022-03-25 19:43:42.109164,29.1,43.3,873.5,0.0944
2022-03-25 19:43:56.101783,29.5,43.3,929.1,0.0944
2022-03-25 19:44:10.093976,30.9,43.2,873.8,0.0944
2022-03-25 19:44:24.053620,36.5,43.2,930.7,0.0944
2022-03-25 19:44:38.045848,35.1,43.1,873.9,0.0944
2022-03-25 19:44:52.038452,31.3,43.1,929.6,0.0944
2022-03-25 19:45:05.997688,33.4,43.0,874.1,0.0944
2022-03-25 19:45:19.990249,32.5,43.0,930.6,0.0944
2022-03-25 19:45:33.982470,32.9,43.0,874.0,0.0943
2022-03-25 19:45:47.942561,35.6,42.9,929.2,0.0943
2022-03-25 19:46:01.934690,35.3,42.9,874.8,0.0943
2022-03-25 19:46:15.926878,37.6,42.9,930.0,0.0943
2022-03-25 19:46:29.886592,42.2,42.9,874.0,0.0943
2022-03-25 19:46:43.879189,47.5,42.9,930.6,0.0943
2022-03-25 19:46:57.871373,45.3,42.9,873.1,0.0943
2022-03-25 19:47:11.831079,45.2,42.9,930.3,0.0943
2022-03-25 19:47:25.823271,49.3,42.9,874.4,0.0942
2022-03-25 19:47:39.815889,43.9,42.9,929.1,0.0942
2022-03-25 19:47:53.775152,43.1,42.9,873.8,0.0942
2022-03-25 19:48:07.767716,46.5,42.9,929.8,0.0942
2022-03-25 19:48:21.759916,55.4,42.9,874.2,0.0942
2022-03-25 19:48:35.720023,56.4,42.9,930.1,0.0942
2022-03-25 19:48:49.712192,50.9,42.9,873.7,0.0942
2022-03-25 19:49:03.704782,49.8,42.9,930.3,0.0942
2022-03-25 19:49:17.664074,45.7,42.9,873.2,0.0942
2022-03-25 19:49:31.656670,41.8,42.9,930.7,0.0942
2022-03-25 19:49:45.648900,41.5,42.9,873.4,0.0941
2022-03-25 19:49:59.608505,42.7,42.9,930.3,0.0941
2022-03-25 19:50:13.600764,40.9,42.9,873.2,0.0941
2022-03-25 19:50:27.560394,51.6,42.9,930.3,0.0941
2022-03-25 19:50:41.553038,58.7,42.9,873.5,0.0941
2022-03-25 19:50:55.545212,59.1,42.9,929.6,0.0941
2022-03-25 19:51:09.504900,62.6,42.9,873.6,0.0941
2022-03-25 19:51:23.497499,54.6,42.9,929.7,0.0941
2022-03-25 19:51:37.489690,44.2,42.9,873.7,0.0941
2022-03-25 19:51:51.449316,54.2,42.9,929.5,0.0941
2022-03-25 19:52:05.441619,64.3,42.9,873.9,0.0940
2022-03-25 19:52:19.434150,61.5,42.9,929.1,0.0940
2022-03-25 19:52:33.393437,59.6,42.9,873.8,0.0940
2022-03-25 19:52:47.385986,58.9,42.9,928.9,0.0940
2022-03-25 19:53:01.378190,51.2,42.9,874.9,0.0940
2022-03-25 19:53:15.337940,45.7,42.9,929.1,0.0940
2022-03-25 19:53:29.330521,45.7,42.9,874.9,0.0940
2022-03-25 19:53:43.322654,45.5,42.9,929.5,0.0940
2022-03-25 19:53:57.282329,41.4,42.9,873.6,0.0940
2022-03-25 19:54:11.274926,38.3,42.9,929.8,0.0940
2022-03-25 19:54:25.267176,41.7,42.9,874.8,0.0940
2022-03-25 19:54:39.226830,39.6,42.9,930.2,0.0940
2022-03-25 19:54:53.219025,35.6,42.9,874.3,0.0940
2022-03-25 19:55:07.211626,40.5,42.9,930.7,0.0940
2022-03-25 19:55:21.170875,42.3,42.9,873.2,0.0940
2022-03-25 19:55:35.163507,43.5,42.9,930.6,0.0940
2022-03-25 19:55:49.155712,51.7,42.9,874.3,0.0940
2022-03-25 19:56:03.115332,51.3,42.9,929.7,0.0940
2022-03-25 19:56:17.107996,40.9,42.9,874.4,0.0940
2022-03-25 19:56:31.100129,33.7,42.9,929.4,0.0940
2022-03-25 19:56:45.059819,35.5,42.9,874.4,0.0940
2022-03-25 19:56:59.052483,40.5,42.9,930.2,0.0940
2022-03-25 19:57:13.044701,39.4,42.9,873.4,0.0940
2022-03-25 19:57:27.004332,36.7,43.0,930.5,0.0940
2022-03-25 19:57:40.996564,42.5,43.0,874.1,0.0940
2022-03-25 19:57:54.956244,54.4,43.0,929.1,0.0940
2022-03-25 19:58:08.948430,57.2,43.0,874.7,0.0940
2022-03-25 19:58:22.940973,49.0,43.1,930.3,0.0940
2022-03-25 19:58:36.900724,48.0,43.0,873.5,0.0940
2022-03-25 19:58:50.892852,55.4,43.1,929.6,0.0940
2022-03-25 19:59:04.885550,61.1,43.2,874.5,0.0940
2022-03-25 19:59:18.845134,49.1,43.2,929.7,0.0940
2022-03-25 19:59:32.837311,42.7,43.2,874.4,0.0940
2022-03-25 19:59:46.829946,49.1,43.3,930.1,0.0940
2022-03-25 20:00:00.789246,52.4,43.3,874.9,0.0940
2022-03-25 20:00:14.781870,51.0,43.4,929.9,0.0940
2022-03-25 20:00:28.773941,42.7,43.4,872.8,0.0940
2022-03-25 20:00:42.733698,35.7,43.4,930.2,0.0940
2022-03-25 20:00:56.726248,34.6,43.4,875.1,0.0940
2022-03-25 20:01:10.718430,40.7,43.4,930.4,0.0940
2022-03-25 20:01:24.678096,44.6,43.4,874.4,0.0940
2022-03-25 20:01:38.670723,43.9,43.4,929.2,0.0940
2022-03-25 20:01:52.662873,52.4,43.4,874.3,0.0940
2022-03-25 20:02:06.622608,48.7,43.4,930.4,0.0940
2022-03-25 20:02:20.614805,33.3,43.4,874.7,0.0940
2022-03-25 20:02:34.607388,33.6,43.4,930.5,0.0940
2022-03-25 20:02:48.566660,43.6,43.4,874.1,0.0940
2022-03-25 20:03:02.559200,51.0,43.4,929.5,0.0940
2022-03-25 20:03:16.551448,53.6,43.4,874.0,0.0940
2022-03-25 20:03:30.511498,63.5,43.4,930.2,0.0940
2022-03-25 20:03:44.503690,69.2,43.4,874.2,0.0940
2022-03-25 20:03:58.495904,52.0,43.4,930.4,0.0940
2022-03-25 20:04:12.455575,32.4,43.4,874.0,0.0940
2022-03-25 20:04:26.448236,34.4,43.4,929.8,0.0940
2022-03-25 20:04:40.440368,41.8,43.4,873.7,0.0940
2022-03-25 20:04:54.400010,37.4,43.4,929.0,0.0940
2022-03-25 20:05:08.392185,28.4,43.4,874.2,0.0940
2022-03-25 20:05:22.351910,26.8,43.4,929.4,0.0940
2022-03-25 20:05:36.344038,33.4,43.4,874.8,0.0940
2022-03-25 20:05:50.336705,41.0,43.4,930.0,0.0940
2022-03-25 20:06:04.296413,38.3,43.4,875.4,0.0940
2022-03-25 20:06:18.288996,38.6,43.4,930.5,0.0940
2022-03-25 20:06:32.281183,43.3,43.4,875.6,0.0940
2022-03-25 20:06:46.240884,45.6,43.4,930.6,0.0940
2022-03-25 20:07:00.233070,45.4,43.4,874.2,0.0940
2022-03-25 20:07:14.225636,41.4,43.4,930.8,0.0940
2022-03-25 20:07:28.184923,43.1,43.4,875.4,0.0940
2022-03-25 20:07:42.177594,43.1,43.4,930.8,0.0940
2022-03-25 20:07:56.169677,43.9,43.4,874.7,0.0940
2022-03-25 20:08:10.129381,49.2,43.4,930.7,0.0940
2022-03-25 20:08:24.121649,49.0,43.4,875.1,0.0940
2022-03-25 20:08:38.114217,41.7,43.4,930.9,0.0940
2022-03-25 20:08:52.073912,46.5,43.4,874.9,0.0940
2022-03-25 20:09:06.066467,43.8,43.4,930.6,0.0940
2022-03-25 20:09:20.058647,38.5,43.4,874.7,0.0940
2022-03-25 20:09:34.018374,45.9,43.4,930.7,0.0940
2022-03-25 20:09:48.010580,45.4,43.4,875.0,0.0940
2022-03-25 20:10:02.003202,49.2,43.4,930.5,0.0940
2022-03-25 20:10:15.962411,50.7,43.4,875.0,0.0940
2022-03-25 20:10:29.955011,47.0,43.4,930.1,0.0940
2022-03-25 20:10:43.947256,41.7,43.4,874.8,0.0940
2022-03-25 20:10:57.906911,41.0,43.4,929.2,0.0941
2022-03-25 20:11:11.899113,50.8,43.4,874.0,0.0940
2022-03-25 20:11:25.891730,64.5,43.4,929.4,0.0941
2022-03-25 20:11:39.851394,71.4,43.4,874.8,0.0940
2022-03-25 20:11:53.843977,72.2,43.5,930.0,0.0941
2022-03-25 20:12:07.836147,65.7,43.5,875.5,0.0941
2022-03-25 20:12:21.795877,55.8,43.5,930.5,0.0941
2022-03-25 20:12:35.788054,53.1,43.5,875.6,0.0941
2022-03-25 20:12:49.747717,45.9,43.5,929.9,0.0941
2022-03-25 20:13:03.739944,44.5,43.6,873.5,0.0941
2022-03-25 20:13:17.732493,46.0,43.6,929.2,0.0941
2022-03-25 20:13:31.692230,41.7,43.6,874.8,0.0941
2022-03-25 20:13:45.684422,44.3,43.6,930.3,0.0941
2022-03-25 20:13:59.676593,54.1,43.6,875.2,0.0941
2022-03-25 20:14:13.636659,61.6,43.6,930.6,0.0941
2022-03-25 20:14:27.628851,59.9,43.6,875.0,0.0941
2022-03-25 20:14:41.621466,49.3,43.7,929.1,0.0941
2022-03-25 20:14:55.580705,36.1,43.7,873.9,0.0941
2022-03-25 20:15:09.573310,33.2,43.7,930.0,0.0941
2022-03-25 20:15:23.565544,33.3,43.7,874.8,0.0941
2022-03-25 20:15:37.525244,30.4,43.7,930.8,0.0941
2022-03-25 20:15:51.517436,39.8,43.7,875.1,0.0941
2022-03-25 20:16:05.510030,55.4,43.7,929.2,0.0942
2022-03-25 20:16:19.469779,58.9,43.7,873.7,0.0941
2022-03-25 20:16:33.461907,64.5,43.7,929.4,0.0941
2022-03-25 20:16:47.454137,68.7,43.7,874.3,0.0941
2022-03-25 20:17:01.413803,54.9,43.7,930.3,0.0941
2022-03-25 20:17:15.406367,47.9,43.7,874.5,0.0941
2022-03-25 20:17:29.398971,50.2,43.7,930.0,0.0941
2022-03-25 20:17:43.358283,56.1,43.7,874.4,0.0941
2022-03-25 20:17:57.350921,59.1,43.7,928.9,0.0942
2022-03-25 20:18:11.343070,45.2,43.7,873.6,0.0942
2022-03-25 20:18:25.302723,35.6,43.7,929.4,0.0942
2022-03-25 20:18:39.294954,36.6,43.7,874.0,0.0942
2022-03-25 20:18:53.287556,33.9,43.7,930.1,0.0942
2022-03-25 20:19:07.246840,36.6,43.7,874.5,0.0942
2022-03-25 20:19:21.239450,48.2,43.7,930.4,0.0942
2022-03-25 20:19:35.232050,52.5,43.7,874.9,0.0942
2022-03-25 20:19:49.191660,52.1,43.7,930.2,0.0942
2022-03-25 20:20:03.184008,51.7,43.8,874.9,0.0942
2022-03-25 20:20:17.143588,44.1,43.8,929.1,0.0943
2022-03-25 20:20:31.135796,43.6,43.8,873.9,0.0943
2022-03-25 20:20:45.128408,47.9,43.8,929.0,0.0943
2022-03-25 20:20:59.087651,46.5,43.8,873.9,0.0943
2022-03-25 20:21:13.080213,44.3,43.8,929.6,0.0943
2022-03-25 20:21:27.072452,48.5,43.9,874.7,0.0943
2022-03-25 20:21:41.032115,49.1,43.9,930.2,0.0943
2022-03-25 20:21:55.024738,43.9,43.9,875.6,0.0943
2022-03-25 20:22:09.016906,39.8,43.9,929.5,0.0944
2022-03-25 20:22:22.976597,44.4,43.9,874.9,0.0944
2022-03-25 20:22:36.969215,49.8,43.9,929.1,0.0944
2022-03-25 20:22:50.961432,42.8,43.9,874.7,0.0944
2022-03-25 20:23:04.921061,37.3,43.9,930.2,0.0944
2022-03-25 20:23:18.913250,36.3,43.9,874.4,0.0944
2022-03-25 20:23:32.905949,38.8,43.9,929.7,0.0945
2022-03-25 20:23:46.865165,44.4,43.9,874.5,0.0945
2022-03-25 20:24:00.857841,46.8,43.9,929.4,0.0945
2022-03-25 20:24:14.849942,38.5,43.9,874.9,0.0945
2022-03-25 20:24:28.809665,37.1,43.9,930.5,0.0945
2022-03-25 20:24:42.801910,45.2,43.9,874.6,0.0945
2022-03-25 20:24:56.794462,47.2,43.9,929.5,0.0946
2022-03-25 20:25:10.754124,40.3,43.9,875.0,0.0946
2022-03-25 20:25:24.746716,39.2,43.9,930.2,0.0946
2022-03-25 20:25:38.738935,50.8,43.9,874.3,0.0946
2022-03-25 20:25:52.698597,52.7,43.9,930.0,0.0946
2022-03-25 20:26:06.690767,48.7,43.9,875.1,0.0946
2022-03-25 20:26:20.683403,50.0,43.9,929.0,0.0947
2022-03-25 20:26:34.643037,41.8,43.9,874.8,0.0947
2022-03-25 20:26:48.635341,36.5,43.9,929.4,0.0947
2022-03-25 20:27:02.627474,44.7,43.9,874.5,0.0947
2022-03-25 20:27:16.587626,49.2,43.9,930.4,0.0948
2022-03-25 20:27:30.579764,53.4,43.9,874.3,0.0948
2022-03-25 20:27:44.539498,53.6,43.9,930.1,0.0948
2022-03-25 20:27:58.531674,39.9,43.9,874.5,0.0948
2022-03-25 20:28:12.524285,29.6,43.9,930.2,0.0948
2022-03-25 20:28:26.483547,33.7,43.9,874.6,0.0948
2022-03-25 20:28:40.476166,44.5,44.0,930.1,0.0949
2022-03-25 20:28:54.468338,50.0,44.1,874.7,0.0949
2022-03-25 20:29:08.428013,42.4,44.2,930.3,0.0949
2022-03-25 20:29:22.420271,40.7,44.2,875.1,0.0949
2022-03-25 20:29:36.412842,45.0,44.3,930.3,0.0950
2022-03-25 20:29:50.372535,50.0,44.3,874.5,0.0950
2022-03-25 20:30:04.364733,54.7,44.4,929.2,0.0950
2022-03-25 20:30:18.357357,50.8,44.4,876.0,0.0950
2022-03-25 20:30:32.317057,42.9,44.4,929.7,0.0950
2022-03-25 20:30:46.309190,33.1,44.4,874.8,0.0950
2022-03-25 20:31:00.301891,39.8,44.4,930.3,0.0951
2022-03-25 20:31:14.261097,48.8,44.4,875.4,0.0951
2022-03-25 20:31:28.253721,48.1,44.4,929.7,0.0951
2022-03-25 20:31:42.245927,43.4,44.4,875.1,0.0951
2022-03-25 20:31:56.205666,36.8,44.4,930.3,0.0952
2022-03-25 20:32:10.197860,40.8,44.4,875.5,0.0952
2022-03-25 20:32:24.190462,44.5,44.4,930.0,0.0952
2022-03-25 20:32:38.150169,42.2,44.4,874.6,0.0952
2022-03-25 20:32:52.142361,47.9,44.4,929.0,0.0953
2022-03-25 20:33:06.134634,57.1,44.4,875.8,0.0953
2022-03-25 20:33:20.094643,59.0,44.4,930.5,0.0953
2022-03-25 20:33:34.086887,52.3,44.4,875.3,0.0953
2022-03-25 20:33:48.079524,42.0,44.4,929.4,0.0953
2022-03-25 20:34:02.038749,34.7,44.4,874.3,0.0953
2022-03-25 20:34:16.031374,42.2,44.4,928.8,0.0954
2022-03-25 20:34:30.023579,52.5,44.4,874.8,0.0954
2022-03-25 20:34:43.983270,45.9,44.4,929.2,0.0954
2022-03-25 20:34:57.975482,42.2,44.4,875.6,0.0954
2022-03-25 20:35:11.935200,52.2,44.4,930.3,0.0955
2022-03-25 20:35:25.927789,58.4,44.5,875.7,0.0955
2022-03-25 20:35:39.919968,54.4,44.5,930.3,0.0955
2022-03-25 20:35:53.879708,45.1,44.6,875.8,0.0955
2022-03-25 20:36:07.872311,36.7,44.7,930.5,0.0955
2022-03-25 20:36:21.864474,35.1,44.7,875.8,0.0956
2022-03-25 20:36:35.824197,37.5,44.8,930.5,0.0956
2022-03-25 20:36:49.816408,40.8,44.8,875.8,0.0956
2022-03-25 20:37:03.809003,40.7,44.8,930.1,0.0956
2022-03-25 20:37:17.768265,41.2,44.9,875.9,0.0956
2022-03-25 20:37:31.760886,42.5,44.9,929.3,0.0957
2022-03-25 20:37:45.753111,36.7,44.9,875.4,0.0957
2022-03-25 20:37:59.712904,42.5,44.9,928.8,0.0957
2022-03-25 20:38:13.705408,50.6,44.9,874.8,0.0957
2022-03-25 20:38:27.697624,47.2,44.9,929.3,0.0957
2022-03-25 20:38:41.657306,45.6,44.9,875.0,0.0958
2022-03-25 20:38:55.649962,44.9,44.9,929.9,0.0958
2022-03-25 20:39:09.642179,47.7,44.9,875.6,0.0958
2022-03-25 20:39:23.601871,43.0,44.9,930.4,0.0958
2022-03-25 20:39:37.594009,37.2,44.9,875.8,0.0958
2022-03-25 20:39:51.586623,39.7,44.9,928.9,0.0959
2022-03-25 20:40:05.545896,40.7,44.9,875.2,0.0959
2022-03-25 20:40:19.538560,35.9,44.9,929.4,0.0959
2022-03-25 20:40:33.530722,44.2,44.9,875.5,0.0959
2022-03-25 20:40:47.490435,50.9,44.9,930.3,0.0959
2022-03-25 20:41:01.483046,30.6,44.9,875.9,0.0960
2022-03-25 20:41:15.475201,21.3,44.9,929.4,0.0960
2022-03-25 20:41:29.434928,25.7,44.9,876.2,0.0960
2022-03-25 20:41:43.427535,23.2,44.9,929.0,0.0960
2022-03-25 20:41:57.419813,25.2,44.9,876.3,0.0960
2022-03-25 20:42:11.379437,26.0,44.9,930.4,0.0961
2022-03-25 20:42:25.371701,23.5,44.9,876.5,0.0961
2022-03-25 20:42:39.331311,22.0,44.9,929.2,0.0961
2022-03-25 20:42:53.323508,23.9,44.9,875.7,0.0961
2022-03-25 20:43:07.316179,30.1,44.9,929.8,0.0962
2022-03-25 20:43:21.275823,32.5,44.9,876.3,0.0962
2022-03-25 20:43:35.268063,25.9,44.9,930.3,0.0962
2022-03-25 20:43:49.260710,23.3,44.9,875.2,0.0962
2022-03-25 20:44:03.220419,31.1,44.9,928.9,0.0962
2022-03-25 20:44:17.212583,38.0,44.9,875.6,0.0962
2022-03-25 20:44:31.205249,40.0,44.9,930.3,0.0963
2022-03-25 20:44:45.164481,37.1,44.9,875.7,0.0963
