dateTime,luminance,voltage,raw
2022-03-25 19:09:27.795739,122.40,0.46,94
2022-03-25 19:09:43.801545,119.89,0.45,92
2022-03-25 19:09:59.822572,119.89,0.45,92
2022-03-25 19:10:15.843261,119.89,0.45,92
2022-03-25 19:10:31.863895,121.15,0.45,93
2022-03-25 19:10:47.869821,119.89,0.45,92
2022-03-25 19:11:03.890454,119.89,0.45,92
2022-03-25 19:11:19.911193,122.40,0.46,94
2022-03-25 19:11:35.917010,119.89,0.45,92
2022-03-25 19:11:51.937704,122.40,0.46,94
2022-03-25 19:12:07.958420,119.89,0.45,92
2022-03-25 19:12:23.964395,121.15,0.45,93
2022-03-25 19:12:39.984942,119.89,0.45,92
2022-03-25 19:12:56.005531,119.89,0.45,92
2022-03-25 19:13:12.011260,119.89,0.45,92
2022-03-25 19:13:28.031633,121.15,0.45,93
2022-03-25 19:13:44.052359,121.15,0.45,93
2022-03-25 19:14:00.057991,119.89,0.45,92
2022-03-25 19:14:16.078654,121.15,0.45,93
2022-03-25 19:14:32.099368,121.15,0.45,93
2022-03-25 19:14:48.105066,122.40,0.46,94
2022-03-25 19:15:04.125907,122.40,0.46,94
2022-03-25 19:15:20.146596,122.40,0.46,94
2022-03-25 19:15:36.152417,118.64,0.44,91
2022-03-25 19:15:52.172865,121.15,0.45,93
2022-03-25 19:16:08.193785,119.89,0.45,92
2022-03-25 19:16:24.199392,119.89,0.45,92
2022-03-25 19:16:40.220567,121.15,0.45,93
2022-03-25 19:16:56.241408,119.89,0.45,92
2022-03-25 19:17:12.261876,121.15,0.45,93
2022-03-25 19:17:28.282838,119.89,0.45,92
2022-03-25 19:17:44.288613,122.40,0.46,94
2022-03-25 19:18:00.309278,121.15,0.45,93
2022-03-25 19:18:16.330170,119.89,0.45,92
2022-03-25 19:18:32.335568,121.15,0.45,93
2022-03-25 19:18:48.356493,121.15,0.45,93
2022-03-25 19:19:04.377039,121.15,0.45,93
2022-03-25 19:19:20.382708,122.40,0.46,94
2022-03-25 19:19:36.403921,122.40,0.46,94
2022-03-25 19:19:52.424683,122.40,0.46,94
2022-03-25 19:20:08.445446,122.40,0.46,94
2022-03-25 19:20:24.466455,121.15,0.45,93
2022-03-25 19:20:40.487057,119.89,0.45,92
2022-03-25 19:20:56.492611,122.40,0.46,94
2022-03-25 19:21:12.513451,122.40,0.46,94
2022-03-25 19:21:28.519149,119.89,0.45,92
2022-03-25 19:21:44.539942,122.40,0.46,94
2022-03-25 19:22:00.560636,123.65,0.46,95
2022-03-25 19:22:16.566331,119.89,0.45,92
2022-03-25 19:22:32.586859,121.15,0.45,93
2022-03-25 19:22:48.607416,119.89,0.45,92
2022-03-25 19:23:04.628323,119.89,0.45,92
2022-03-25 19:23:20.634045,122.40,0.46,94
2022-03-25 19:23:36.654565,119.89,0.45,92
2022-03-25 19:23:52.675357,119.89,0.45,92
2022-03-25 19:24:08.696216,124.91,0.47,96
2022-03-25 19:24:24.702207,121.15,0.45,93
2022-03-25 19:24:40.722988,121.15,0.45,93
2022-03-25 19:24:56.743513,122.40,0.46,94
2022-03-25 19:25:12.764326,121.15,0.45,93
2022-03-25 19:25:28.770181,122.40,0.46,94
2022-03-25 19:25:44.790576,119.89,0.45,92
2022-03-25 19:26:00.796443,119.89,0.45,92
2022-03-25 19:26:16.817164,122.40,0.46,94
2022-03-25 19:26:32.837857,121.15,0.45,93
2022-03-25 19:26:48.858423,119.89,0.45,92
2022-03-25 19:27:04.864723,122.40,0.46,94
2022-03-25 19:27:20.885417,122.40,0.46,94
2022-03-25 19:27:36.905966,121.15,0.45,93
2022-03-25 19:27:52.926810,119.89,0.45,92
2022-03-25 19:28:08.932631,122.40,0.46,94
2022-03-25 19:28:24.953531,122.40,0.46,94
2022-03-25 19:28:40.974219,122.40,0.46,94
2022-03-25 19:28:56.994941,121.15,0.45,93
2022-03-25 19:29:13.001109,122.40,0.46,94
2022-03-25 19:29:29.021525,121.15,0.45,93
2022-03-25 19:29:45.042199,119.89,0.45,92
2022-03-25 19:30:01.062942,119.89,0.45,92
2022-03-25 19:30:17.068572,123.65,0.46,95
2022-03-25 19:30:33.089330,121.15,0.45,93
2022-03-25 19:30:49.094775,121.15,0.45,93
2022-03-25 19:31:05.115874,119.89,0.45,92
2022-03-25 19:31:21.136331,121.15,0.45,93
2022-03-25 19:31:37.142405,122.40,0.46,94
2022-03-25 19:31:53.162902,123.65,0.46,95
2022-03-25 19:32:09.183456,123.65,0.46,95
2022-03-25 19:32:25.189525,121.15,0.45,93
2022-03-25 19:32:41.209906,122.40,0.46,94
2022-03-25 19:32:57.230675,121.15,0.45,93
2022-03-25 19:33:13.251345,121.15,0.45,93
2022-03-25 19:33:29.257207,121.15,0.45,93
2022-03-25 19:33:45.278161,122.40,0.46,94
2022-03-25 19:34:01.299081,119.89,0.45,92
2022-03-25 19:34:17.319828,121.15,0.45,93
2022-03-25 19:34:33.340497,121.15,0.45,93
2022-03-25 19:34:49.346546,119.89,0.45,92
2022-03-25 19:35:05.367126,119.89,0.45,92
2022-03-25 19:35:21.387942,119.89,0.45,92
2022-03-25 19:35:37.393621,119.89,0.45,92
2022-03-25 19:35:53.414279,119.89,0.45,92
2022-03-25 19:36:09.435293,118.64,0.44,91
2022-03-25 19:36:25.455834,119.89,0.45,92
2022-03-25 19:36:41.476827,118.64,0.44,91
2022-03-25 19:36:57.482370,118.64,0.44,91
2022-03-25 19:37:13.503158,119.89,0.45,92
2022-03-25 19:37:29.523755,118.64,0.44,91
2022-03-25 19:37:45.544450,121.15,0.45,93
2022-03-25 19:38:01.550489,119.89,0.45,92
2022-03-25 19:38:17.570939,118.64,0.44,91
2022-03-25 19:38:33.591527,121.15,0.45,93
2022-03-25 19:38:49.612243,119.89,0.45,92
2022-03-25 19:39:05.617795,119.89,0.45,92
2022-03-25 19:39:21.638535,119.89,0.45,92
2022-03-25 19:39:37.659204,119.89,0.45,92
2022-03-25 19:39:53.680066,118.64,0.44,91
2022-03-25 19:40:09.685676,118.64,0.44,91
2022-03-25 19:40:25.706493,119.89,0.45,92
2022-03-25 19:40:41.726950,121.15,0.45,93
2022-03-25 19:40:57.732655,118.64,0.44,91
2022-03-25 19:41:13.753285,118.64,0.44,91
2022-03-25 19:41:29.773719,119.89,0.45,92
2022-03-25 19:41:45.779434,119.89,0.45,92
2022-03-25 19:42:01.800527,118.64,0.44,91
2022-03-25 19:42:17.821234,119.89,0.45,92
2022-03-25 19:42:33.841631,117.39,0.44,90
2022-03-25 19:42:49.862253,118.64,0.44,91
2022-03-25 19:43:05.868368,119.89,0.45,92
2022-03-25 19:43:21.888722,117.39,0.44,90
2022-03-25 19:43:37.909495,117.39,0.44,90
2022-03-25 19:43:53.930101,116.13,0.43,89
2022-03-25 19:44:09.935844,121.15,0.45,93
2022-03-25 19:44:25.956142,119.89,0.45,92
2022-03-25 19:44:41.976703,118.64,0.44,91
2022-03-25 19:44:57.982527,118.64,0.44,91
2022-03-25 19:45:14.018572,118.64,0.44,91
2022-03-25 19:45:30.024357,118.64,0.44,91
2022-03-25 19:45:46.044783,117.39,0.44,90
2022-03-25 19:46:02.065357,119.89,0.45,92
2022-03-25 19:46:18.085956,118.64,0.44,91
2022-03-25 19:46:34.091702,118.64,0.44,91
2022-03-25 19:46:50.112383,119.89,0.45,92
2022-03-25 19:47:06.132683,119.89,0.45,92
2022-03-25 19:47:22.138303,119.89,0.45,92
2022-03-25 19:47:38.159290,117.39,0.44,90
2022-03-25 19:47:54.179866,118.64,0.44,91
2022-03-25 19:48:10.200680,119.89,0.45,92
2022-03-25 19:48:26.220964,119.89,0.45,92
2022-03-25 19:48:42.226527,118.64,0.44,91
2022-03-25 19:48:58.247159,117.39,0.44,90
2022-03-25 19:49:14.267678,117.39,0.44,90
2022-03-25 19:49:30.273250,116.13,0.43,89
2022-03-25 19:49:46.293899,117.39,0.44,90
2022-03-25 19:50:02.314530,119.89,0.45,92
2022-03-25 19:50:18.335556,119.89,0.45,92
2022-03-25 19:50:34.341383,117.39,0.44,90
2022-03-25 19:50:50.361715,119.89,0.45,92
2022-03-25 19:51:06.382522,118.64,0.44,91
2022-03-25 19:51:22.403277,118.64,0.44,91
2022-03-25 19:51:38.408789,118.64,0.44,91
2022-03-25 19:51:54.429497,117.39,0.44,90
2022-03-25 19:52:10.449854,118.64,0.44,91
2022-03-25 19:52:26.470461,118.64,0.44,91
2022-03-25 19:52:42.476515,119.89,0.45,92
2022-03-25 19:52:58.496851,117.39,0.44,90
2022-03-25 19:53:14.517399,117.39,0.44,90
2022-03-25 19:53:30.538117,121.15,0.45,93
2022-03-25 19:53:46.543777,117.39,0.44,90
2022-03-25 19:54:02.564084,118.64,0.44,91
2022-03-25 19:54:18.585187,118.64,0.44,91
2022-03-25 19:54:34.605579,118.64,0.44,91
2022-03-25 19:54:50.611166,119.89,0.45,92
2022-03-25 19:55:06.631795,118.64,0.44,91
2022-03-25 19:55:22.652502,116.13,0.43,89
2022-03-25 19:55:38.673221,119.89,0.45,92
2022-03-25 19:55:54.679007,118.64,0.44,91
2022-03-25 19:56:10.699676,118.64,0.44,91
2022-03-25 19:56:26.720071,117.39,0.44,90
2022-03-25 19:56:42.740749,117.39,0.44,90
2022-03-25 19:56:58.761678,117.39,0.44,90
2022-03-25 19:57:14.767240,117.39,0.44,90
2022-03-25 19:57:30.787896,117.39,0.44,90
2022-03-25 19:57:46.808555,116.13,0.43,89
2022-03-25 19:58:02.829513,119.89,0.45,92
2022-03-25 19:58:18.850269,117.39,0.44,90
2022-03-25 19:58:34.855837,117.39,0.44,90
2022-03-25 19:58:50.876441,118.64,0.44,91
2022-03-25 19:59:06.882425,117.39,0.44,90
2022-03-25 19:59:22.902888,116.13,0.43,89
2022-03-25 19:59:38.923545,118.64,0.44,91
2022-03-25 19:59:54.944238,117.39,0.44,90
2022-03-25 20:00:10.965346,119.89,0.45,92
2022-03-25 20:00:26.970688,117.39,0.44,90
2022-03-25 20:00:42.991432,117.39,0.44,90
2022-03-25 20:00:59.011932,117.39,0.44,90
2022-03-25 20:01:15.017917,118.64,0.44,91
2022-03-25 20:01:31.038523,118.64,0.44,91
2022-03-25 20:01:47.059058,118.64,0.44,91
2022-03-25 20:02:03.079798,118.64,0.44,91
2022-03-25 20:02:19.100559,117.39,0.44,90
2022-03-25 20:02:35.106471,114.88,0.43,88
2022-03-25 20:02:51.127387,118.64,0.44,91
2022-03-25 20:03:07.148094,118.64,0.44,91
2022-03-25 20:03:23.168451,117.39,0.44,90
2022-03-25 20:03:39.189690,118.64,0.44,91
2022-03-25 20:03:55.210033,118.64,0.44,91
2022-03-25 20:04:11.231073,117.39,0.44,90
2022-03-25 20:04:27.236796,122.40,0.46,94
2022-03-25 20:04:43.257232,117.39,0.44,90
2022-03-25 20:04:59.277660,117.39,0.44,90
2022-03-25 20:05:15.283553,118.64,0.44,91
2022-03-25 20:05:31.303798,118.64,0.44,91
2022-03-25 20:05:47.324390,116.13,0.43,89
2022-03-25 20:06:03.330082,118.64,0.44,91
2022-03-25 20:06:19.351003,117.39,0.44,90
2022-03-25 20:06:35.371805,118.64,0.44,91
2022-03-25 20:06:51.392187,118.64,0.44,91
2022-03-25 20:07:07.412768,117.39,0.44,90
2022-03-25 20:07:23.418328,118.64,0.44,91
2022-03-25 20:07:39.438840,118.64,0.44,91
2022-03-25 20:07:55.459390,118.64,0.44,91
2022-03-25 20:08:11.465140,116.13,0.43,89
2022-03-25 20:08:27.485598,117.39,0.44,90
2022-03-25 20:08:43.506261,118.64,0.44,91
2022-03-25 20:08:59.512240,118.64,0.44,91
2022-03-25 20:09:15.532468,118.64,0.44,91
2022-03-25 20:09:31.553048,118.64,0.44,91
2022-03-25 20:09:47.573509,119.89,0.45,92
2022-03-25 20:10:03.579238,117.39,0.44,90
2022-03-25 20:10:19.599601,118.64,0.44,91
2022-03-25 20:10:35.620517,119.89,0.45,92
2022-03-25 20:10:51.641442,117.39,0.44,90
2022-03-25 20:11:07.647174,117.39,0.44,90
2022-03-25 20:11:23.667608,117.39,0.44,90
2022-03-25 20:11:39.688029,117.39,0.44,90
2022-03-25 20:11:55.708740,119.89,0.45,92
2022-03-25 20:12:11.714478,119.89,0.45,92
2022-03-25 20:12:27.734987,117.39,0.44,90
2022-03-25 20:12:43.755821,118.64,0.44,91
2022-03-25 20:12:59.776162,117.39,0.44,90
2022-03-25 20:13:15.781983,118.64,0.44,91
2022-03-25 20:13:31.802375,117.39,0.44,90
2022-03-25 20:13:47.822856,118.64,0.44,91
2022-03-25 20:14:03.843727,116.13,0.43,89
2022-03-25 20:14:19.849214,118.64,0.44,91
2022-03-25 20:14:35.869931,119.89,0.45,92
2022-03-25 20:14:51.890534,116.13,0.43,89
2022-03-25 20:15:07.911287,117.39,0.44,90
2022-03-25 20:15:23.916775,117.39,0.44,90
2022-03-25 20:15:39.937396,117.39,0.44,90
2022-03-25 20:15:55.957835,117.39,0.44,90
2022-03-25 20:16:11.978548,116.13,0.43,89
2022-03-25 20:16:27.999183,117.39,0.44,90
2022-03-25 20:16:44.004868,117.39,0.44,90
2022-03-25 20:17:00.025338,118.64,0.44,91
2022-03-25 20:17:16.045929,116.13,0.43,89
2022-03-25 20:17:32.051524,117.39,0.44,90
2022-03-25 20:17:48.071926,117.39,0.44,90
2022-03-25 20:18:04.077324,116.13,0.43,89
2022-03-25 20:18:20.098321,117.39,0.44,90
2022-03-25 20:18:36.118668,116.13,0.43,89
2022-03-25 20:18:52.139067,117.39,0.44,90
2022-03-25 20:19:08.144774,116.13,0.43,89
2022-03-25 20:19:24.165317,114.88,0.43,88
2022-03-25 20:19:40.185824,117.39,0.44,90
2022-03-25 20:19:56.191495,117.39,0.44,90
2022-03-25 20:20:12.211756,117.39,0.44,90
2022-03-25 20:20:28.232520,116.13,0.43,89
2022-03-25 20:20:44.253066,118.64,0.44,91
2022-03-25 20:21:00.259038,117.39,0.44,90
2022-03-25 20:21:16.279138,117.39,0.44,90
2022-03-25 20:21:32.299777,118.64,0.44,91
2022-03-25 20:21:48.320573,117.39,0.44,90
2022-03-25 20:22:04.326131,118.64,0.44,91
2022-03-25 20:22:20.361954,117.39,0.44,90
2022-03-25 20:22:36.367668,117.39,0.44,90
2022-03-25 20:22:52.387973,118.64,0.44,91
2022-03-25 20:23:08.408508,118.64,0.44,91
2022-03-25 20:23:24.414169,117.39,0.44,90
2022-03-25 20:23:40.434794,117.39,0.44,90
2022-03-25 20:23:56.455261,118.64,0.44,91
2022-03-25 20:24:12.475821,118.64,0.44,91
2022-03-25 20:24:28.481416,117.39,0.44,90
2022-03-25 20:24:44.502058,116.13,0.43,89
2022-03-25 20:25:00.522836,117.39,0.44,90
2022-03-25 20:25:16.543499,118.64,0.44,91
2022-03-25 20:25:32.549020,118.64,0.44,91
2022-03-25 20:25:48.569711,118.64,0.44,91
2022-03-25 20:26:04.590746,118.64,0.44,91
2022-03-25 20:26:20.611141,119.89,0.45,92
2022-03-25 20:26:36.632031,119.89,0.45,92
2022-03-25 20:26:52.652550,119.89,0.45,92
2022-03-25 20:27:08.658439,118.64,0.44,91
2022-03-25 20:27:24.678969,118.64,0.44,91
2022-03-25 20:27:40.699503,118.64,0.44,91
2022-03-25 20:27:56.720171,116.13,0.43,89
2022-03-25 20:28:12.726022,118.64,0.44,91
2022-03-25 20:28:28.746717,118.64,0.44,91
2022-03-25 20:28:44.767169,118.64,0.44,91
2022-03-25 20:29:00.787763,117.39,0.44,90
2022-03-25 20:29:16.793699,121.15,0.45,93
2022-03-25 20:29:32.814072,118.64,0.44,91
2022-03-25 20:29:48.834372,118.64,0.44,91
2022-03-25 20:30:04.855325,119.89,0.45,92
2022-03-25 20:30:20.860831,117.39,0.44,90
2022-03-25 20:30:36.882004,116.13,0.43,89
2022-03-25 20:30:52.902146,118.64,0.44,91
2022-03-25 20:31:08.908179,119.89,0.45,92
2022-03-25 20:31:24.928802,118.64,0.44,91
2022-03-25 20:31:40.949281,117.39,0.44,90
2022-03-25 20:31:56.970294,117.39,0.44,90
2022-03-25 20:32:12.990554,118.64,0.44,91
2022-03-25 20:32:28.996376,118.64,0.44,91
2022-03-25 20:32:45.016842,118.64,0.44,91
2022-03-25 20:33:01.037456,116.13,0.43,89
2022-03-25 20:33:17.058409,117.39,0.44,90
2022-03-25 20:33:33.064110,117.39,0.44,90
2022-03-25 20:33:49.084634,117.39,0.44,90
2022-03-25 20:34:05.105371,116.13,0.43,89
2022-03-25 20:34:21.125835,114.88,0.43,88
2022-03-25 20:34:37.131301,118.64,0.44,91
2022-03-25 20:34:53.151835,117.39,0.44,90
2022-03-25 20:35:09.172326,118.64,0.44,91
2022-03-25 20:35:25.193642,118.64,0.44,91
2022-03-25 20:35:41.214035,117.39,0.44,90
2022-03-25 20:35:57.220044,118.64,0.44,91
2022-03-25 20:36:13.240601,118.64,0.44,91
2022-03-25 20:36:29.261035,117.39,0.44,90
2022-03-25 20:36:45.281914,118.64,0.44,91
2022-03-25 20:37:01.287597,118.64,0.44,91
2022-03-25 20:37:17.308170,117.39,0.44,90
2022-03-25 20:37:33.328948,119.89,0.45,92
2022-03-25 20:37:49.349626,118.64,0.44,91
2022-03-25 20:38:05.355815,117.39,0.44,90
2022-03-25 20:38:21.376205,116.13,0.43,89
2022-03-25 20:38:37.396561,118.64,0.44,91
2022-03-25 20:38:53.417055,117.39,0.44,90
2022-03-25 20:39:09.422972,118.64,0.44,91
2022-03-25 20:39:25.443665,118.64,0.44,91
2022-03-25 20:39:41.464664,118.64,0.44,91
2022-03-25 20:39:57.485359,118.64,0.44,91
2022-03-25 20:40:13.505992,117.39,0.44,90
2022-03-25 20:40:29.511127,116.13,0.43,89
2022-03-25 20:40:45.531822,116.13,0.43,89
2022-03-25 20:41:01.552822,116.13,0.43,89
2022-03-25 20:41:17.573451,116.13,0.43,89
2022-03-25 20:41:33.579333,117.39,0.44,90
2022-03-25 20:41:49.600005,116.13,0.43,89
2022-03-25 20:42:05.620428,116.13,0.43,89
2022-03-25 20:42:21.640921,117.39,0.44,90
2022-03-25 20:42:37.646663,117.39,0.44,90
2022-03-25 20:42:53.682594,116.13,0.43,89
2022-03-25 20:43:09.688518,117.39,0.44,90
2022-03-25 20:43:25.708904,117.39,0.44,90
2022-03-25 20:43:41.729575,119.89,0.45,92
2022-03-25 20:43:57.750103,119.89,0.45,92
2022-03-25 20:44:13.756043,116.13,0.43,89
2022-03-25 20:44:29.776426,114.88,0.43,88
2022-03-25 20:44:45.797071,117.39,0.44,90
