dateTime,temperature,pressure,humidity,altitude
2022-03-25 19:09:30.434812,30.10,100405.00,11.00,76.87
2022-03-25 19:09:40.454693,30.12,100409.00,12.00,76.53
2022-03-25 19:09:50.489992,30.08,100404.00,12.00,76.95
2022-03-25 19:10:00.525647,30.13,100407.00,12.00,76.70
2022-03-25 19:10:10.560890,30.19,100408.00,12.00,76.62
2022-03-25 19:10:20.596243,30.20,100405.00,11.00,76.87
2022-03-25 19:10:30.631435,30.22,100405.00,11.00,76.87
2022-03-25 19:10:40.651323,30.23,100406.00,11.00,76.78
2022-03-25 19:10:50.686685,30.27,100407.00,11.00,76.70
2022-03-25 19:11:00.721937,30.27,100405.00,11.00,76.87
2022-03-25 19:11:10.757345,30.30,100401.00,11.00,77.20
2022-03-25 19:11:20.792599,30.22,100405.00,11.00,76.87
2022-03-25 19:11:30.812522,30.30,100405.00,11.00,76.87
2022-03-25 19:11:40.847833,30.38,100403.00,11.00,77.03
2022-03-25 19:11:50.883206,30.30,100405.00,11.00,76.87
2022-03-25 19:12:00.918485,30.09,100406.00,11.00,76.78
2022-03-25 19:12:10.953789,29.60,100405.00,11.00,76.87
2022-03-25 19:12:20.989245,29.19,100404.00,11.00,76.95
2022-03-25 19:12:31.009228,28.88,100405.00,12.00,76.87
2022-03-25 19:12:41.044369,28.71,100409.00,12.00,76.53
2022-03-25 19:12:51.079660,28.48,100406.00,11.00,76.78
2022-03-25 19:13:01.115068,28.44,100404.00,12.00,76.95
2022-03-25 19:13:11.150148,28.34,100400.00,13.00,77.29
2022-03-25 19:13:21.169959,28.18,100404.00,12.00,76.95
2022-03-25 19:13:31.205203,28.05,100404.00,12.00,76.95
2022-03-25 19:13:41.240324,28.03,100402.00,12.00,77.12
2022-03-25 19:13:51.275552,28.03,100404.00,12.00,76.95
2022-03-25 19:14:01.295461,28.08,100405.00,12.00,76.87
2022-03-25 19:14:11.330554,28.00,100406.00,12.00,76.78
2022-03-25 19:14:21.365882,27.99,100405.00,12.00,76.87
2022-03-25 19:14:31.401197,27.97,100401.00,11.00,77.20
2022-03-25 19:14:41.436357,28.06,100404.00,11.00,76.95
2022-03-25 19:14:51.456145,28.18,100406.00,11.00,76.78
2022-03-25 19:15:01.491685,28.23,100401.00,12.00,77.20
2022-03-25 19:15:11.526717,28.31,100400.00,11.00,77.29
2022-03-25 19:15:21.561757,28.34,100402.00,12.00,77.12
2022-03-25 19:15:31.596922,28.31,100398.00,11.00,77.45
2022-03-25 19:15:41.616809,28.35,100398.00,12.00,77.45
2022-03-25 19:15:51.652080,28.33,100397.00,12.00,77.54
2022-03-25 19:16:01.687319,28.32,100396.00,12.00,77.62
2022-03-25 19:16:11.722292,28.32,100398.00,12.00,77.45
2022-03-25 19:16:21.742231,28.29,100395.00,12.00,77.71
2022-03-25 19:16:31.777515,28.36,100396.00,12.00,77.62
2022-03-25 19:16:41.812734,28.47,100399.00,11.00,77.37
2022-03-25 19:16:51.848041,28.52,100395.00,11.00,77.71
2022-03-25 19:17:01.883346,28.50,100397.00,12.00,77.54
2022-03-25 19:17:11.918478,28.23,100398.00,12.00,77.45
2022-03-25 19:17:21.938305,27.82,100397.00,12.00,77.54
2022-03-25 19:17:31.973399,27.46,100399.00,12.00,77.37
2022-03-25 19:17:42.008563,27.37,100398.00,12.00,77.45
2022-03-25 19:17:52.043758,27.39,100396.00,12.00,77.62
2022-03-25 19:18:02.063893,27.39,100397.00,12.00,77.54
2022-03-25 19:18:12.098886,27.26,100393.00,12.00,77.87
2022-03-25 19:18:22.133881,27.13,100398.00,12.00,77.45
2022-03-25 19:18:32.169039,27.17,100395.00,12.00,77.71
2022-03-25 19:18:42.204296,27.32,100391.00,12.00,78.04
2022-03-25 19:18:52.239450,27.41,100387.00,12.00,78.38
2022-03-25 19:19:02.259746,27.49,100390.00,12.00,78.13
2022-03-25 19:19:12.294921,27.51,100395.00,12.00,77.71
2022-03-25 19:19:22.329915,27.49,100394.00,12.00,77.79
2022-03-25 19:19:32.365062,27.43,100391.00,13.00,78.04
2022-03-25 19:19:42.385122,27.41,100386.00,12.00,78.46
2022-03-25 19:19:52.420167,27.40,100393.00,12.00,77.87
2022-03-25 19:20:02.455292,27.41,100386.00,12.00,78.46
2022-03-25 19:20:12.490395,27.37,100394.00,12.00,77.79
2022-03-25 19:20:22.525380,27.45,100393.00,12.00,77.87
2022-03-25 19:20:32.545458,27.54,100394.00,12.00,77.79
2022-03-25 19:20:42.580576,27.62,100389.00,12.00,78.21
2022-03-25 19:20:52.616088,27.71,100387.00,12.00,78.38
2022-03-25 19:21:02.651024,27.79,100386.00,12.00,78.46
2022-03-25 19:21:12.686257,27.81,100385.00,12.00,78.55
2022-03-25 19:21:22.721391,27.85,100385.00,12.00,78.55
2022-03-25 19:21:32.741257,27.87,100382.00,12.00,78.80
2022-03-25 19:21:42.776371,27.93,100387.00,12.00,78.38
2022-03-25 19:21:52.811637,27.97,100384.00,12.00,78.63
2022-03-25 19:22:02.846972,27.98,100385.00,13.00,78.55
2022-03-25 19:22:12.867087,28.05,100386.00,13.00,78.46
2022-03-25 19:22:22.902301,28.11,100385.00,12.00,78.55
2022-03-25 19:22:32.937265,28.15,100387.00,12.00,78.38
2022-03-25 19:22:42.972336,28.16,100387.00,13.00,78.38
2022-03-25 19:22:53.007601,28.23,100381.00,13.00,78.88
2022-03-25 19:23:03.027544,28.23,100379.00,13.00,79.05
2022-03-25 19:23:13.062813,28.23,100378.00,12.00,79.13
2022-03-25 19:23:23.098057,28.22,100381.00,12.00,78.88
2022-03-25 19:23:33.133315,28.10,100381.00,13.00,78.88
2022-03-25 19:23:43.168453,27.90,100376.00,12.00,79.30
2022-03-25 19:23:53.188337,27.58,100372.00,12.00,79.63
2022-03-25 19:24:03.223583,27.35,100371.00,12.00,79.72
2022-03-25 19:24:13.258765,27.41,100379.00,13.00,79.05
2022-03-25 19:24:23.294001,27.36,100382.00,13.00,78.80
2022-03-25 19:24:33.313986,27.22,100378.00,13.00,79.13
2022-03-25 19:24:43.349128,27.16,100373.00,12.00,79.55
2022-03-25 19:24:53.384356,26.94,100378.00,13.00,79.13
2022-03-25 19:25:03.419177,26.77,100378.00,12.00,79.13
2022-03-25 19:25:13.454283,26.74,100379.00,12.00,79.05
2022-03-25 19:25:23.474105,26.81,100376.00,13.00,79.30
2022-03-25 19:25:33.509405,26.76,100377.00,12.00,79.21
2022-03-25 19:25:43.544636,26.72,100379.00,12.00,79.05
2022-03-25 19:25:53.579621,26.73,100378.00,12.00,79.13
2022-03-25 19:26:03.599555,26.83,100372.00,13.00,79.63
2022-03-25 19:26:13.634585,26.78,100372.00,12.00,79.63
2022-03-25 19:26:23.669647,26.83,100370.00,12.00,79.80
2022-03-25 19:26:33.704686,26.86,100374.00,12.00,79.47
2022-03-25 19:26:43.724792,26.88,100375.00,13.00,79.38
2022-03-25 19:26:53.759548,26.94,100377.00,13.00,79.21
2022-03-25 19:27:03.794775,26.99,100374.00,12.00,79.47
2022-03-25 19:27:13.830175,27.07,100372.00,13.00,79.63
2022-03-25 19:27:23.865261,27.08,100371.00,12.00,79.72
2022-03-25 19:27:33.900417,27.14,100374.00,12.00,79.47
2022-03-25 19:27:43.920275,27.19,100369.00,12.00,79.89
2022-03-25 19:27:53.955480,27.27,100370.00,12.00,79.80
2022-03-25 19:28:03.990606,27.35,100370.00,12.00,79.80
2022-03-25 19:28:14.025795,27.45,100369.00,13.00,79.89
2022-03-25 19:28:24.060991,27.52,100372.00,13.00,79.63
2022-03-25 19:28:34.080798,27.59,100365.00,12.00,80.22
2022-03-25 19:28:44.115820,27.66,100369.00,13.00,79.89
2022-03-25 19:28:54.151018,27.70,100370.00,13.00,79.80
2022-03-25 19:29:04.186218,27.78,100372.00,12.00,79.63
2022-03-25 19:29:14.221556,27.87,100366.00,12.00,80.14
2022-03-25 19:29:24.241523,27.95,100370.00,13.00,79.80
2022-03-25 19:29:34.276593,28.04,100373.00,15.00,79.55
2022-03-25 19:29:44.311917,28.12,100368.00,15.00,79.97
2022-03-25 19:29:54.347183,28.18,100368.00,13.00,79.97
2022-03-25 19:30:04.382213,28.24,100367.00,13.00,80.05
2022-03-25 19:30:14.402109,28.32,100369.00,14.00,79.89
2022-03-25 19:30:24.437307,28.38,100367.00,14.00,80.05
2022-03-25 19:30:34.472559,28.42,100368.00,15.00,79.97
2022-03-25 19:30:44.507811,28.47,100369.00,14.00,79.89
2022-03-25 19:30:54.527698,28.49,100370.00,14.00,79.80
2022-03-25 19:31:04.562895,28.47,100366.00,13.00,80.14
2022-03-25 19:31:14.598172,28.38,100366.00,12.00,80.14
2022-03-25 19:31:24.633260,28.35,100364.00,12.00,80.31
2022-03-25 19:31:34.653179,28.30,100366.00,12.00,80.14
2022-03-25 19:31:44.688279,28.13,100365.00,12.00,80.22
2022-03-25 19:31:54.723530,28.06,100367.00,12.00,80.05
2022-03-25 19:32:04.758749,27.98,100367.00,12.00,80.05
2022-03-25 19:32:14.793893,27.90,100368.00,12.00,79.97
2022-03-25 19:32:24.814181,27.95,100364.00,12.00,80.31
2022-03-25 19:32:34.849256,27.99,100366.00,12.00,80.14
2022-03-25 19:32:44.884373,27.99,100365.00,12.00,80.22
2022-03-25 19:32:54.919453,27.92,100366.00,12.00,80.14
2022-03-25 19:33:04.954558,27.91,100362.00,12.00,80.47
2022-03-25 19:33:14.974696,27.96,100361.00,12.00,80.56
2022-03-25 19:33:25.009707,28.11,100359.00,12.00,80.73
2022-03-25 19:33:35.045000,28.10,100358.00,12.00,80.81
2022-03-25 19:33:45.079954,27.98,100361.00,12.00,80.56
2022-03-25 19:33:55.115161,27.93,100362.00,11.00,80.47
2022-03-25 19:34:05.135054,27.92,100364.00,12.00,80.31
2022-03-25 19:34:15.170220,27.95,100361.00,11.00,80.56
2022-03-25 19:34:25.205355,28.05,100358.00,12.00,80.81
2022-03-25 19:34:35.240635,28.17,100358.00,11.00,80.81
2022-03-25 19:34:45.260315,28.24,100356.00,11.00,80.98
2022-03-25 19:34:55.295743,28.33,100358.00,11.00,80.81
2022-03-25 19:35:05.330836,28.30,100356.00,12.00,80.98
2022-03-25 19:35:15.366035,28.32,100358.00,12.00,80.81
2022-03-25 19:35:25.385734,28.33,100352.00,11.00,81.31
2022-03-25 19:35:35.421058,28.30,100353.00,12.00,81.23
2022-03-25 19:35:45.456224,28.24,100355.00,11.00,81.06
2022-03-25 19:35:55.491436,28.17,100350.00,11.00,81.48
2022-03-25 19:36:05.526586,28.12,100353.00,11.00,81.23
2022-03-25 19:36:15.561704,28.03,100353.00,11.00,81.23
2022-03-25 19:36:25.581567,27.93,100355.00,11.00,81.06
2022-03-25 19:36:35.616690,27.91,100351.00,11.00,81.40
2022-03-25 19:36:45.651665,27.94,100355.00,12.00,81.06
2022-03-25 19:36:55.686790,27.85,100352.00,12.00,81.31
2022-03-25 19:37:05.706685,27.80,100351.00,12.00,81.40
2022-03-25 19:37:15.741916,27.79,100351.00,12.00,81.40
2022-03-25 19:37:25.776985,27.86,100352.00,13.00,81.31
2022-03-25 19:37:35.811959,27.80,100351.00,12.00,81.40
2022-03-25 19:37:45.832042,27.76,100349.00,12.00,81.56
2022-03-25 19:37:55.867189,27.78,100351.00,13.00,81.40
2022-03-25 19:38:05.902359,27.79,100351.00,13.00,81.40
2022-03-25 19:38:15.937256,27.78,100352.00,12.00,81.31
2022-03-25 19:38:25.972386,27.80,100352.00,12.00,81.31
2022-03-25 19:38:36.007659,27.80,100350.00,13.00,81.48
2022-03-25 19:38:46.027433,27.75,100348.00,12.00,81.65
2022-03-25 19:38:56.062654,27.84,100353.00,13.00,81.23
2022-03-25 19:39:06.097769,27.85,100352.00,13.00,81.31
2022-03-25 19:39:16.133004,27.92,100353.00,12.00,81.23
2022-03-25 19:39:26.152594,27.91,100350.00,12.00,81.48
2022-03-25 19:39:36.187651,27.97,100353.00,12.00,81.23
2022-03-25 19:39:46.222858,28.06,100347.00,12.00,81.73
2022-03-25 19:39:56.257939,28.13,100346.00,12.00,81.82
2022-03-25 19:40:06.293173,28.16,100348.00,12.00,81.65
2022-03-25 19:40:16.313196,28.19,100349.00,13.00,81.56
2022-03-25 19:40:26.348261,28.11,100348.00,12.00,81.65
2022-03-25 19:40:36.383496,28.05,100344.00,12.00,81.98
2022-03-25 19:40:46.418776,28.06,100342.00,12.00,82.15
2022-03-25 19:40:56.454067,28.04,100346.00,12.00,81.82
2022-03-25 19:41:06.489286,27.97,100345.00,12.00,81.90
2022-03-25 19:41:16.509113,27.91,100351.00,12.00,81.40
2022-03-25 19:41:26.544253,27.83,100348.00,12.00,81.65
2022-03-25 19:41:36.579405,27.82,100348.00,12.00,81.65
2022-03-25 19:41:46.614609,27.85,100346.00,12.00,81.82
2022-03-25 19:41:56.634444,27.84,100347.00,12.00,81.73
2022-03-25 19:42:06.669603,27.89,100350.00,12.00,81.48
2022-03-25 19:42:16.704817,27.94,100353.00,12.00,81.23
2022-03-25 19:42:26.740005,27.98,100345.00,12.00,81.90
2022-03-25 19:42:36.775157,28.01,100342.00,13.00,82.15
2022-03-25 19:42:46.794846,27.98,100344.00,12.00,81.98
2022-03-25 19:42:56.830092,27.95,100348.00,12.00,81.65
2022-03-25 19:43:06.865169,27.99,100344.00,12.00,81.98
2022-03-25 19:43:16.900247,28.04,100344.00,13.00,81.98
2022-03-25 19:43:26.920068,28.14,100346.00,14.00,81.82
2022-03-25 19:43:36.955251,28.20,100346.00,13.00,81.82
2022-03-25 19:43:46.990675,28.25,100349.00,12.00,81.56
2022-03-25 19:43:57.025926,28.29,100347.00,12.00,81.73
2022-03-25 19:44:07.045921,28.33,100345.00,12.00,81.90
2022-03-25 19:44:17.080776,28.37,100343.00,12.00,82.07
2022-03-25 19:44:27.116012,28.44,100346.00,12.00,81.82
2022-03-25 19:44:37.151212,28.46,100343.00,12.00,82.07
2022-03-25 19:44:47.186401,28.51,100346.00,12.00,81.82
2022-03-25 19:44:57.206746,28.54,100345.00,12.00,81.90
2022-03-25 19:45:07.241652,28.56,100340.00,12.00,82.32
2022-03-25 19:45:17.276973,28.52,100340.00,11.00,82.32
2022-03-25 19:45:27.312107,28.53,100343.00,13.00,82.07
2022-03-25 19:45:37.347296,28.59,100341.00,12.00,82.23
2022-03-25 19:45:47.367499,28.66,100339.00,13.00,82.40
2022-03-25 19:45:57.402538,28.59,100343.00,12.00,82.07
2022-03-25 19:46:07.437709,28.57,100343.00,13.00,82.07
2022-03-25 19:46:17.472930,28.54,100343.00,12.00,82.07
2022-03-25 19:46:27.493002,28.39,100341.00,11.00,82.23
2022-03-25 19:46:37.528074,28.31,100340.00,12.00,82.32
2022-03-25 19:46:47.563254,28.25,100340.00,12.00,82.32
2022-03-25 19:46:57.598313,28.17,100337.00,12.00,82.57
2022-03-25 19:47:07.633529,28.20,100337.00,12.00,82.57
2022-03-25 19:47:17.653437,28.23,100340.00,11.00,82.32
2022-03-25 19:47:27.688607,28.20,100341.00,11.00,82.23
2022-03-25 19:47:37.723714,28.22,100339.00,12.00,82.40
2022-03-25 19:47:47.758948,28.26,100338.00,11.00,82.49
2022-03-25 19:47:57.794133,28.31,100336.00,13.00,82.65
2022-03-25 19:48:07.813986,28.39,100338.00,12.00,82.49
2022-03-25 19:48:17.849273,28.45,100337.00,11.00,82.57
2022-03-25 19:48:27.884303,28.53,100340.00,12.00,82.32
2022-03-25 19:48:37.919648,28.52,100336.00,12.00,82.65
2022-03-25 19:48:47.954861,28.49,100336.00,12.00,82.65
2022-03-25 19:48:57.975049,28.47,100336.00,11.00,82.65
2022-03-25 19:49:08.010086,28.48,100337.00,11.00,82.57
2022-03-25 19:49:18.045393,28.44,100336.00,12.00,82.65
2022-03-25 19:49:28.080488,28.47,100337.00,12.00,82.57
2022-03-25 19:49:38.115569,28.48,100337.00,12.00,82.57
2022-03-25 19:49:48.150675,28.52,100336.00,11.00,82.65
2022-03-25 19:49:58.170562,28.63,100332.00,11.00,82.99
2022-03-25 19:50:08.205746,28.68,100332.00,11.00,82.99
2022-03-25 19:50:18.241026,28.70,100330.00,11.00,83.16
2022-03-25 19:50:28.276124,28.75,100330.00,11.00,83.16
2022-03-25 19:50:38.296010,28.75,100329.00,11.00,83.24
2022-03-25 19:50:48.331319,28.76,100328.00,11.00,83.33
2022-03-25 19:50:58.366610,28.71,100327.00,12.00,83.41
2022-03-25 19:51:08.401644,28.77,100328.00,11.00,83.33
2022-03-25 19:51:18.436998,28.80,100331.00,12.00,83.07
2022-03-25 19:51:28.457053,28.86,100332.00,11.00,82.99
2022-03-25 19:51:38.492245,28.92,100328.00,12.00,83.33
2022-03-25 19:51:48.527466,28.96,100330.00,12.00,83.16
2022-03-25 19:51:58.562695,29.03,100329.00,12.00,83.24
2022-03-25 19:52:08.598009,28.94,100331.00,11.00,83.07
2022-03-25 19:52:18.617882,28.89,100328.00,11.00,83.33
2022-03-25 19:52:28.653169,28.95,100328.00,12.00,83.33
2022-03-25 19:52:38.688567,29.00,100326.00,13.00,83.49
2022-03-25 19:52:48.723612,29.04,100326.00,12.00,83.49
2022-03-25 19:52:58.758765,29.12,100329.00,12.00,83.24
2022-03-25 19:53:08.778707,29.16,100328.00,12.00,83.33
2022-03-25 19:53:18.814431,29.21,100333.00,12.00,82.91
2022-03-25 19:53:28.849589,29.27,100332.00,13.00,82.99
2022-03-25 19:53:38.884727,29.32,100334.00,12.00,82.82
2022-03-25 19:53:48.919990,29.37,100329.00,12.00,83.24
2022-03-25 19:53:58.955157,29.41,100325.00,12.00,83.58
2022-03-25 19:54:08.974983,29.37,100326.00,12.00,83.49
2022-03-25 19:54:19.010328,29.32,100327.00,12.00,83.41
2022-03-25 19:54:29.045559,29.32,100329.00,12.00,83.24
2022-03-25 19:54:39.080771,29.42,100324.00,12.00,83.66
2022-03-25 19:54:49.101093,29.44,100323.00,12.00,83.75
2022-03-25 19:54:59.136144,29.43,100322.00,12.00,83.83
2022-03-25 19:55:09.171247,29.46,100322.00,11.00,83.83
2022-03-25 19:55:19.206482,29.49,100320.00,12.00,84.00
2022-03-25 19:55:29.241639,29.52,100323.00,11.00,83.75
2022-03-25 19:55:39.261609,29.54,100324.00,11.00,83.66
2022-03-25 19:55:49.297042,29.58,100325.00,11.00,83.58
2022-03-25 19:55:59.332230,29.59,100321.00,11.00,83.91
2022-03-25 19:56:09.367654,29.62,100319.00,11.00,84.08
2022-03-25 19:56:19.402960,29.64,100320.00,11.00,84.00
2022-03-25 19:56:29.422913,29.66,100322.00,11.00,83.83
2022-03-25 19:56:39.458462,29.65,100321.00,11.00,83.91
2022-03-25 19:56:49.493828,29.65,100317.00,11.00,84.25
2022-03-25 19:56:59.528716,29.67,100322.00,12.00,83.83
2022-03-25 19:57:09.564070,29.73,100320.00,13.00,84.00
2022-03-25 19:57:19.584187,29.79,100317.00,12.00,84.25
2022-03-25 19:57:29.619367,29.78,100320.00,12.00,84.00
2022-03-25 19:57:39.654639,29.79,100320.00,12.00,84.00
2022-03-25 19:57:49.689820,29.83,100321.00,11.00,83.91
2022-03-25 19:57:59.725001,29.89,100319.00,11.00,84.08
2022-03-25 19:58:09.745208,29.91,100318.00,12.00,84.17
2022-03-25 19:58:19.780585,29.94,100318.00,11.00,84.17
2022-03-25 19:58:29.815814,29.93,100318.00,11.00,84.17
2022-03-25 19:58:39.851040,29.96,100318.00,11.00,84.17
2022-03-25 19:58:49.886277,29.99,100315.00,11.00,84.42
2022-03-25 19:58:59.906364,29.98,100316.00,11.00,84.33
2022-03-25 19:59:09.941687,29.97,100314.00,10.00,84.50
2022-03-25 19:59:19.976743,29.94,100318.00,10.00,84.17
2022-03-25 19:59:30.011942,29.96,100319.00,11.00,84.08
2022-03-25 19:59:40.047405,29.98,100315.00,11.00,84.42
2022-03-25 19:59:50.067400,30.04,100317.00,11.00,84.25
2022-03-25 20:00:00.102670,30.02,100316.00,11.00,84.33
2022-03-25 20:00:10.138055,30.06,100317.00,11.00,84.25
2022-03-25 20:00:20.173435,30.11,100318.00,11.00,84.17
2022-03-25 20:00:30.208613,30.17,100319.00,11.00,84.08
2022-03-25 20:00:40.243945,30.22,100317.00,11.00,84.25
2022-03-25 20:00:50.263812,30.23,100319.00,11.00,84.08
2022-03-25 20:01:00.299017,30.23,100323.00,11.00,83.75
2022-03-25 20:01:10.334280,30.20,100321.00,11.00,83.91
2022-03-25 20:01:20.369463,30.23,100320.00,11.00,84.00
2022-03-25 20:01:30.404648,30.09,100318.00,10.00,84.17
2022-03-25 20:01:40.424642,30.11,100316.00,11.00,84.33
2022-03-25 20:01:50.459874,30.20,100321.00,12.00,83.91
2022-03-25 20:02:00.495200,30.27,100319.00,13.00,84.08
2022-03-25 20:02:10.530473,30.36,100320.00,13.00,84.00
2022-03-25 20:02:20.565921,30.40,100319.00,11.00,84.08
2022-03-25 20:02:30.601290,30.43,100318.00,10.00,84.17
2022-03-25 20:02:40.621360,30.44,100319.00,11.00,84.08
2022-03-25 20:02:50.656504,30.43,100319.00,11.00,84.08
2022-03-25 20:03:00.691972,30.42,100317.00,12.00,84.25
2022-03-25 20:03:10.727229,30.25,100320.00,12.00,84.00
2022-03-25 20:03:20.762440,30.12,100316.00,12.00,84.33
2022-03-25 20:03:30.782298,30.00,100314.00,11.00,84.50
2022-03-25 20:03:40.817666,30.05,100315.00,12.00,84.42
2022-03-25 20:03:50.853099,30.01,100316.00,12.00,84.33
2022-03-25 20:04:00.888314,29.91,100314.00,11.00,84.50
2022-03-25 20:04:10.923689,29.85,100319.00,11.00,84.08
2022-03-25 20:04:20.943766,29.84,100317.00,13.00,84.25
2022-03-25 20:04:30.979118,29.81,100317.00,12.00,84.25
2022-03-25 20:04:41.014362,29.84,100313.00,13.00,84.59
2022-03-25 20:04:51.049655,29.93,100315.00,13.00,84.42
2022-03-25 20:05:01.084712,29.94,100311.00,12.00,84.75
2022-03-25 20:05:11.104705,30.00,100309.00,12.00,84.92
2022-03-25 20:05:21.139861,30.02,100311.00,12.00,84.75
2022-03-25 20:05:31.175138,30.04,100309.00,12.00,84.92
2022-03-25 20:05:41.210423,30.03,100310.00,12.00,84.84
2022-03-25 20:05:51.245691,29.74,100312.00,11.00,84.67
2022-03-25 20:06:01.265680,29.45,100309.00,12.00,84.92
2022-03-25 20:06:11.301064,29.31,100311.00,11.00,84.75
2022-03-25 20:06:21.336241,29.21,100313.00,11.00,84.59
2022-03-25 20:06:31.371526,29.14,100313.00,12.00,84.59
2022-03-25 20:06:41.406762,29.07,100314.00,12.00,84.50
2022-03-25 20:06:51.442070,28.52,100313.00,11.00,84.59
2022-03-25 20:07:01.461912,28.22,100318.00,12.00,84.17
2022-03-25 20:07:11.497225,28.12,100313.00,12.00,84.59
2022-03-25 20:07:21.532331,28.08,100315.00,12.00,84.42
2022-03-25 20:07:31.567465,27.89,100312.00,12.00,84.67
2022-03-25 20:07:41.587481,27.82,100309.00,12.00,84.92
2022-03-25 20:07:51.622236,27.84,100313.00,12.00,84.59
2022-03-25 20:08:01.657447,27.94,100314.00,12.00,84.50
2022-03-25 20:08:11.692626,28.02,100312.00,13.00,84.67
2022-03-25 20:08:21.727875,28.01,100312.00,13.00,84.67
2022-03-25 20:08:31.747630,28.03,100309.00,13.00,84.92
2022-03-25 20:08:41.783107,28.12,100312.00,13.00,84.67
2022-03-25 20:08:51.818197,28.21,100312.00,13.00,84.67
2022-03-25 20:09:01.853175,28.17,100312.00,13.00,84.67
2022-03-25 20:09:11.888271,28.27,100312.00,14.00,84.67
2022-03-25 20:09:21.908114,28.31,100314.00,13.00,84.50
2022-03-25 20:09:31.943166,28.27,100312.00,12.00,84.67
2022-03-25 20:09:41.978353,28.32,100311.00,13.00,84.75
2022-03-25 20:09:52.013494,28.31,100311.00,13.00,84.75
2022-03-25 20:10:02.033678,28.38,100314.00,13.00,84.50
2022-03-25 20:10:12.068745,28.34,100312.00,13.00,84.67
2022-03-25 20:10:22.103908,28.31,100314.00,13.00,84.50
2022-03-25 20:10:32.139171,28.32,100313.00,12.00,84.59
2022-03-25 20:10:42.174352,28.37,100311.00,12.00,84.75
2022-03-25 20:10:52.194426,28.27,100309.00,12.00,84.92
2022-03-25 20:11:02.229503,28.04,100310.00,12.00,84.84
2022-03-25 20:11:12.264560,27.94,100307.00,12.00,85.09
2022-03-25 20:11:22.299636,27.94,100305.00,12.00,85.26
2022-03-25 20:11:32.334869,27.95,100304.00,12.00,85.34
2022-03-25 20:11:42.354643,28.05,100308.00,13.00,85.00
2022-03-25 20:11:52.389668,28.12,100308.00,13.00,85.00
2022-03-25 20:12:02.425041,27.93,100304.00,12.00,85.34
2022-03-25 20:12:12.460106,27.87,100303.00,12.00,85.42
2022-03-25 20:12:22.480374,27.88,100304.00,12.00,85.34
2022-03-25 20:12:32.515485,27.92,100306.00,12.00,85.17
2022-03-25 20:12:42.550487,27.97,100303.00,12.00,85.42
2022-03-25 20:12:52.585850,28.02,100304.00,12.00,85.34
2022-03-25 20:13:02.621075,28.10,100303.00,12.00,85.42
2022-03-25 20:13:12.640942,28.14,100306.00,14.00,85.17
2022-03-25 20:13:22.675995,28.10,100306.00,13.00,85.17
2022-03-25 20:13:32.711275,27.95,100302.00,12.00,85.51
2022-03-25 20:13:42.746518,27.96,100304.00,12.00,85.34
2022-03-25 20:13:52.766532,28.03,100303.00,12.00,85.42
2022-03-25 20:14:02.801689,28.08,100302.00,12.00,85.51
2022-03-25 20:14:12.836548,28.12,100300.00,12.00,85.68
2022-03-25 20:14:22.871789,28.24,100303.00,13.00,85.42
2022-03-25 20:14:32.907007,28.25,100303.00,12.00,85.42
2022-03-25 20:14:42.926847,28.32,100300.00,12.00,85.68
2022-03-25 20:14:52.962095,28.40,100301.00,12.00,85.59
2022-03-25 20:15:02.997284,28.47,100297.00,12.00,85.93
2022-03-25 20:15:13.032555,28.52,100295.00,12.00,86.09
2022-03-25 20:15:23.067792,28.55,100298.00,12.00,85.84
2022-03-25 20:15:33.103160,28.59,100296.00,13.00,86.01
2022-03-25 20:15:43.123288,28.66,100295.00,12.00,86.09
2022-03-25 20:15:53.158468,28.70,100297.00,12.00,85.93
2022-03-25 20:16:03.193420,28.76,100295.00,12.00,86.09
2022-03-25 20:16:13.228654,28.85,100296.00,12.00,86.01
2022-03-25 20:16:23.248448,28.92,100296.00,12.00,86.01
2022-03-25 20:16:33.283768,28.98,100298.00,12.00,85.84
2022-03-25 20:16:43.319041,29.05,100300.00,12.00,85.68
2022-03-25 20:16:53.354326,29.04,100294.00,12.00,86.18
2022-03-25 20:17:03.389584,29.08,100297.00,12.00,85.93
2022-03-25 20:17:13.409425,29.11,100298.00,12.00,85.84
2022-03-25 20:17:23.444617,29.14,100297.00,12.00,85.93
2022-03-25 20:17:33.479825,29.15,100298.00,12.00,85.84
2022-03-25 20:17:43.515269,29.21,100299.00,11.00,85.76
2022-03-25 20:17:53.550411,29.26,100298.00,12.00,85.84
2022-03-25 20:18:03.585723,29.32,100299.00,12.00,85.76
2022-03-25 20:18:13.605662,29.36,100297.00,12.00,85.93
2022-03-25 20:18:23.640960,29.40,100294.00,12.00,86.18
2022-03-25 20:18:33.676191,29.49,100300.00,12.00,85.68
2022-03-25 20:18:43.711457,29.56,100300.00,12.00,85.68
2022-03-25 20:18:53.731468,29.59,100300.00,12.00,85.68
2022-03-25 20:19:03.766671,29.62,100303.00,12.00,85.42
2022-03-25 20:19:13.801941,29.55,100299.00,12.00,85.76
2022-03-25 20:19:23.837356,29.54,100301.00,12.00,85.59
2022-03-25 20:19:33.872622,29.41,100303.00,12.00,85.42
2022-03-25 20:19:43.907878,29.46,100297.00,12.00,85.93
2022-03-25 20:19:53.943311,29.54,100298.00,12.00,85.84
2022-03-25 20:20:03.963266,29.35,100297.00,12.00,85.93
2022-03-25 20:20:13.998671,29.33,100296.00,12.00,86.01
2022-03-25 20:20:24.033871,29.30,100297.00,12.00,85.93
2022-03-25 20:20:34.069088,29.13,100299.00,12.00,85.76
2022-03-25 20:20:44.088945,29.08,100295.00,12.00,86.09
2022-03-25 20:20:54.124114,29.10,100293.00,12.00,86.26
2022-03-25 20:21:04.159349,29.13,100289.00,12.00,86.60
2022-03-25 20:21:14.194716,29.20,100294.00,13.00,86.18
2022-03-25 20:21:24.229949,29.20,100293.00,12.00,86.26
2022-03-25 20:21:34.250137,29.17,100292.00,12.00,86.35
2022-03-25 20:21:44.285209,29.14,100295.00,12.00,86.09
2022-03-25 20:21:54.320403,29.18,100296.00,13.00,86.01
2022-03-25 20:22:04.355687,29.11,100296.00,13.00,86.01
2022-03-25 20:22:14.390945,29.04,100294.00,13.00,86.18
2022-03-25 20:22:24.411114,29.10,100295.00,13.00,86.09
2022-03-25 20:22:34.446253,29.11,100298.00,13.00,85.84
2022-03-25 20:22:44.481350,29.08,100293.00,13.00,86.26
2022-03-25 20:22:54.516366,29.03,100294.00,13.00,86.18
2022-03-25 20:23:04.536247,29.02,100298.00,13.00,85.84
2022-03-25 20:23:14.571419,28.95,100296.00,12.00,86.01
2022-03-25 20:23:24.606691,28.94,100297.00,13.00,85.93
2022-03-25 20:23:34.641903,28.94,100293.00,13.00,86.26
2022-03-25 20:23:44.677198,28.88,100293.00,12.00,86.26
2022-03-25 20:23:54.697127,28.85,100298.00,12.00,85.84
2022-03-25 20:24:04.732274,28.81,100295.00,13.00,86.09
2022-03-25 20:24:14.767589,28.86,100296.00,13.00,86.01
2022-03-25 20:24:24.802803,28.88,100294.00,12.00,86.18
2022-03-25 20:24:34.838056,28.89,100296.00,13.00,86.01
2022-03-25 20:24:44.857955,28.94,100296.00,13.00,86.01
2022-03-25 20:24:54.893186,28.94,100297.00,13.00,85.93
2022-03-25 20:25:04.928419,28.98,100295.00,14.00,86.09
2022-03-25 20:25:14.963645,28.97,100296.00,13.00,86.01
2022-03-25 20:25:24.998704,28.96,100297.00,12.00,85.93
2022-03-25 20:25:35.018697,28.83,100297.00,12.00,85.93
2022-03-25 20:25:45.053943,28.75,100294.00,13.00,86.18
2022-03-25 20:25:55.089179,28.73,100295.00,13.00,86.09
2022-03-25 20:26:05.124382,28.80,100294.00,13.00,86.18
2022-03-25 20:26:15.159624,28.86,100294.00,13.00,86.18
2022-03-25 20:26:25.179521,28.89,100293.00,14.00,86.26
2022-03-25 20:26:35.214572,28.82,100295.00,13.00,86.09
2022-03-25 20:26:45.249691,28.78,100293.00,13.00,86.26
2022-03-25 20:26:55.285077,28.76,100291.00,13.00,86.43
2022-03-25 20:27:05.304911,28.75,100299.00,13.00,85.76
2022-03-25 20:27:15.339901,28.65,100298.00,12.00,85.84
2022-03-25 20:27:25.375216,28.51,100297.00,12.00,85.93
2022-03-25 20:27:35.410968,28.49,100296.00,12.00,86.01
2022-03-25 20:27:45.445491,28.45,100292.00,12.00,86.35
2022-03-25 20:27:55.465395,28.45,100294.00,13.00,86.18
2022-03-25 20:28:05.500904,28.45,100293.00,13.00,86.26
2022-03-25 20:28:15.535796,28.38,100297.00,12.00,85.93
2022-03-25 20:28:25.570935,28.31,100300.00,12.00,85.68
2022-03-25 20:28:35.606187,28.28,100296.00,13.00,86.01
2022-03-25 20:28:45.641207,28.27,100296.00,12.00,86.01
2022-03-25 20:28:55.661058,28.26,100295.00,13.00,86.09
2022-03-25 20:29:05.696134,28.29,100295.00,13.00,86.09
2022-03-25 20:29:15.731339,28.27,100294.00,13.00,86.18
2022-03-25 20:29:25.766373,28.31,100292.00,13.00,86.35
2022-03-25 20:29:35.786330,28.35,100293.00,13.00,86.26
2022-03-25 20:29:45.821811,28.40,100291.00,14.00,86.43
2022-03-25 20:29:55.857006,28.41,100290.00,13.00,86.51
2022-03-25 20:30:05.892128,28.44,100289.00,13.00,86.60
2022-03-25 20:30:15.927273,28.50,100291.00,14.00,86.43
2022-03-25 20:30:25.962350,28.51,100288.00,14.00,86.68
2022-03-25 20:30:35.982068,28.58,100287.00,14.00,86.77
2022-03-25 20:30:46.017286,28.62,100286.00,13.00,86.85
2022-03-25 20:30:56.052391,28.56,100288.00,13.00,86.68
2022-03-25 20:31:06.087609,28.41,100285.00,12.00,86.93
2022-03-25 20:31:16.107476,28.39,100290.00,12.00,86.51
2022-03-25 20:31:26.142615,28.38,100287.00,13.00,86.77
2022-03-25 20:31:36.177614,28.43,100286.00,13.00,86.85
2022-03-25 20:31:46.212975,28.49,100283.00,13.00,87.10
2022-03-25 20:31:56.248042,28.48,100287.00,13.00,86.77
2022-03-25 20:32:06.267899,28.44,100283.00,13.00,87.10
2022-03-25 20:32:16.303122,28.42,100283.00,13.00,87.10
2022-03-25 20:32:26.338336,28.40,100283.00,13.00,87.10
2022-03-25 20:32:36.373542,28.36,100283.00,13.00,87.10
2022-03-25 20:32:46.408762,28.40,100283.00,12.00,87.10
2022-03-25 20:32:56.428542,28.50,100283.00,13.00,87.10
2022-03-25 20:33:06.463835,28.46,100279.00,12.00,87.44
2022-03-25 20:33:16.498984,28.51,100281.00,13.00,87.27
2022-03-25 20:33:26.534172,28.54,100277.00,13.00,87.61
2022-03-25 20:33:36.554008,28.54,100279.00,13.00,87.44
2022-03-25 20:33:46.589250,28.54,100279.00,13.00,87.44
2022-03-25 20:33:56.624407,28.61,100277.00,13.00,87.61
2022-03-25 20:34:06.659681,28.67,100275.00,13.00,87.78
2022-03-25 20:34:16.695026,28.67,100277.00,13.00,87.61
2022-03-25 20:34:26.715088,28.72,100275.00,13.00,87.78
2022-03-25 20:34:36.750424,28.76,100276.00,14.00,87.69
2022-03-25 20:34:46.785355,28.70,100274.00,13.00,87.86
2022-03-25 20:34:56.820685,28.55,100270.00,13.00,88.20
2022-03-25 20:35:06.855833,28.49,100274.00,12.00,87.86
2022-03-25 20:35:16.875699,28.46,100268.00,12.00,88.36
2022-03-25 20:35:26.910924,28.48,100269.00,12.00,88.28
2022-03-25 20:35:36.946092,28.58,100270.00,13.00,88.20
2022-03-25 20:35:46.981185,28.63,100271.00,14.00,88.11
2022-03-25 20:35:57.001142,28.72,100270.00,15.00,88.20
2022-03-25 20:36:07.036266,28.80,100271.00,14.00,88.11
2022-03-25 20:36:17.071528,28.83,100271.00,14.00,88.11
2022-03-25 20:36:27.106803,28.82,100272.00,13.00,88.03
2022-03-25 20:36:37.142039,28.78,100274.00,13.00,87.86
2022-03-25 20:36:47.162240,28.72,100272.00,13.00,88.03
2022-03-25 20:36:57.197169,28.67,100271.00,13.00,88.11
2022-03-25 20:37:07.232325,28.59,100270.00,13.00,88.20
2022-03-25 20:37:17.267560,28.54,100265.00,13.00,88.61
2022-03-25 20:37:27.287554,28.47,100266.00,13.00,88.53
2022-03-25 20:37:37.322462,28.49,100269.00,13.00,88.28
2022-03-25 20:37:47.357608,28.45,100268.00,13.00,88.36
2022-03-25 20:37:57.392791,28.35,100269.00,12.00,88.28
2022-03-25 20:38:07.427929,28.30,100266.00,13.00,88.53
2022-03-25 20:38:17.448206,28.29,100265.00,13.00,88.61
2022-03-25 20:38:27.483299,28.31,100269.00,13.00,88.28
2022-03-25 20:38:37.518244,28.30,100266.00,13.00,88.53
2022-03-25 20:38:47.553500,28.38,100267.00,13.00,88.45
2022-03-25 20:38:57.588781,28.40,100268.00,14.00,88.36
2022-03-25 20:39:07.623912,28.42,100266.00,13.00,88.53
2022-03-25 20:39:17.643920,28.43,100271.00,14.00,88.11
2022-03-25 20:39:27.679009,28.42,100266.00,14.00,88.53
2022-03-25 20:39:37.714116,28.44,100269.00,14.00,88.28
2022-03-25 20:39:47.749170,28.39,100264.00,13.00,88.70
2022-03-25 20:39:57.768943,28.38,100266.00,14.00,88.53
2022-03-25 20:40:07.804005,28.41,100265.00,14.00,88.61
2022-03-25 20:40:17.839449,28.48,100266.00,14.00,88.53
2022-03-25 20:40:27.874728,28.52,100265.00,13.00,88.61
2022-03-25 20:40:37.909982,28.59,100265.00,13.00,88.61
2022-03-25 20:40:47.930184,28.63,100267.00,13.00,88.45
2022-03-25 20:40:57.965225,28.64,100265.00,13.00,88.61
2022-03-25 20:41:08.000288,28.68,100266.00,12.00,88.53
2022-03-25 20:41:18.035435,28.68,100264.00,13.00,88.70
2022-03-25 20:41:28.070610,28.75,100267.00,13.00,88.45
2022-03-25 20:41:38.090470,28.78,100266.00,14.00,88.53
2022-03-25 20:41:48.125778,28.86,100266.00,14.00,88.53
2022-03-25 20:41:58.161118,28.93,100263.00,14.00,88.78
2022-03-25 20:42:08.196215,28.90,100267.00,13.00,88.45
2022-03-25 20:42:18.216054,28.91,100266.00,13.00,88.53
2022-03-25 20:42:28.251589,29.01,100264.00,14.00,88.70
2022-03-25 20:42:38.286630,29.07,100263.00,14.00,88.78
2022-03-25 20:42:48.321864,29.11,100266.00,12.00,88.53
2022-03-25 20:42:58.357163,29.15,100261.00,13.00,88.95
2022-03-25 20:43:08.392252,29.13,100266.00,13.00,88.53
2022-03-25 20:43:18.412138,29.14,100267.00,14.00,88.45
2022-03-25 20:43:28.447398,28.99,100269.00,12.00,88.28
2022-03-25 20:43:38.482717,29.01,100265.00,13.00,88.61
2022-03-25 20:43:48.517962,29.07,100263.00,12.00,88.78
2022-03-25 20:43:58.537939,29.11,100265.00,12.00,88.61
2022-03-25 20:44:08.573415,29.16,100266.00,12.00,88.53
2022-03-25 20:44:18.608354,29.11,100263.00,13.00,88.78
2022-03-25 20:44:28.643630,28.92,100263.00,12.00,88.78
2022-03-25 20:44:38.663399,28.82,100264.00,12.00,88.70
2022-03-25 20:44:48.698872,28.81,100268.00,12.00,88.36
