dateTime,countPerMinute,radiationValue,timeSpent,LIBRADCount
2022-03-25 19:09:32.899709,30.0000,0.2436,10000,5
2022-03-25 19:09:43.042727,30.0000,0.2436,10000,5
2022-03-25 19:09:53.200584,18.0000,0.1462,10000,3
2022-03-25 19:10:03.343495,6.0000,0.0487,10000,1
2022-03-25 19:10:13.486570,24.0000,0.1949,10000,4
2022-03-25 19:10:23.629404,6.0000,0.0487,10000,1
2022-03-25 19:10:33.787428,30.0000,0.2436,10000,5
2022-03-25 19:10:43.930451,18.0000,0.1462,10000,3
2022-03-25 19:10:54.073137,18.0000,0.1462,10000,3
2022-03-25 19:11:04.231239,12.0000,0.0974,10000,2
2022-03-25 19:11:14.373891,18.0000,0.1462,10000,3
2022-03-25 19:11:24.516950,24.0000,0.1949,10000,4
2022-03-25 19:11:34.674705,18.0000,0.1462,10000,3
2022-03-25 19:11:44.817594,6.0000,0.0487,10000,1
2022-03-25 19:11:54.960368,12.0000,0.0974,10000,2
2022-03-25 19:12:05.118506,42.0000,0.3410,10000,7
2022-03-25 19:12:15.261478,12.0000,0.0974,10000,2
2022-03-25 19:12:25.404228,12.0000,0.0974,10000,2
2022-03-25 19:12:35.547272,12.0000,0.0974,10000,2
2022-03-25 19:12:45.705144,24.0000,0.1949,10000,4
2022-03-25 19:12:55.847976,0.0000,0.0000,10000,0
2022-03-25 19:13:05.990942,36.0000,0.2923,10000,6
2022-03-25 19:13:16.148834,12.0000,0.0974,10000,2
2022-03-25 19:13:26.291809,12.0000,0.0974,10000,2
2022-03-25 19:13:36.434642,6.0000,0.0487,10000,1
2022-03-25 19:13:46.577624,18.0000,0.1462,10000,3
2022-03-25 19:13:56.735454,0.0000,0.0000,10000,0
2022-03-25 19:14:06.878316,18.0000,0.1462,10000,3
2022-03-25 19:14:17.021528,12.0000,0.0974,10000,2
2022-03-25 19:14:27.179296,12.0000,0.0974,10000,2
2022-03-25 19:14:37.322127,12.0000,0.0974,10000,2
2022-03-25 19:14:47.464988,0.0000,0.0000,10000,0
2022-03-25 19:14:57.607928,6.0000,0.0487,10000,1
2022-03-25 19:15:07.765762,24.0000,0.1949,10000,4
2022-03-25 19:15:17.908592,18.0000,0.1462,10000,3
2022-03-25 19:15:28.051597,12.0000,0.0974,10000,2
2022-03-25 19:15:38.194193,12.0000,0.0974,10000,2
2022-03-25 19:15:48.352016,6.0000,0.0487,10000,1
2022-03-25 19:15:58.494851,6.0000,0.0487,10000,1
2022-03-25 19:16:08.637732,6.0000,0.0487,10000,1
2022-03-25 19:16:18.780780,12.0000,0.0974,10000,2
2022-03-25 19:16:28.938490,18.0000,0.1462,10000,3
2022-03-25 19:16:39.081426,6.0000,0.0487,10000,1
2022-03-25 19:16:49.224577,6.0000,0.0487,10000,1
2022-03-25 19:16:59.382486,6.0000,0.0487,10000,1
2022-03-25 19:17:09.525294,6.0000,0.0487,10000,1
2022-03-25 19:17:19.668220,0.0000,0.0000,10000,0
2022-03-25 19:17:29.826199,6.0000,0.0487,10000,1
2022-03-25 19:17:39.969160,18.0000,0.1462,10000,3
2022-03-25 19:17:50.112134,12.0000,0.0974,10000,2
2022-03-25 19:18:00.255155,0.0000,0.0000,10000,0
2022-03-25 19:18:10.413260,42.0000,0.3410,10000,7
2022-03-25 19:18:20.556170,12.0000,0.0974,10000,2
2022-03-25 19:18:30.713993,18.0000,0.1462,10000,3
2022-03-25 19:18:40.857261,42.0000,0.3410,10000,7
2022-03-25 19:18:51.000100,12.0000,0.0974,10000,2
2022-03-25 19:19:01.157697,0.0000,0.0000,10000,0
2022-03-25 19:19:11.300721,18.0000,0.1462,10000,3
2022-03-25 19:19:21.443601,12.0000,0.0974,10000,2
2022-03-25 19:19:31.601565,30.0000,0.2436,10000,5
2022-03-25 19:19:41.744309,18.0000,0.1462,10000,3
2022-03-25 19:19:51.887071,0.0000,0.0000,10000,0
2022-03-25 19:20:02.030001,30.0000,0.2436,10000,5
2022-03-25 19:20:12.188100,30.0000,0.2436,10000,5
2022-03-25 19:20:22.330673,30.0000,0.2436,10000,5
2022-03-25 19:20:32.473434,6.0000,0.0487,10000,1
2022-03-25 19:20:42.631557,42.0000,0.3410,10000,7
2022-03-25 19:20:52.774387,0.0000,0.0000,10000,0
2022-03-25 19:21:02.917327,30.0000,0.2436,10000,5
2022-03-25 19:21:13.060367,6.0000,0.0487,10000,1
2022-03-25 19:21:23.218306,18.0000,0.1462,10000,3
2022-03-25 19:21:33.361385,18.0000,0.1462,10000,3
2022-03-25 19:21:43.519379,24.0000,0.1949,10000,4
2022-03-25 19:21:53.662309,12.0000,0.0974,10000,2
2022-03-25 19:22:03.805105,24.0000,0.1949,10000,4
2022-03-25 19:22:13.947991,18.0000,0.1462,10000,3
2022-03-25 19:22:24.105716,12.0000,0.0974,10000,2
2022-03-25 19:22:34.248603,48.0000,0.3898,10000,8
2022-03-25 19:22:44.391209,18.0000,0.1462,10000,3
2022-03-25 19:22:54.534155,6.0000,0.0487,10000,1
2022-03-25 19:23:04.692048,12.0000,0.0974,10000,2
2022-03-25 19:23:14.834975,36.0000,0.2923,10000,6
2022-03-25 19:23:24.977851,6.0000,0.0487,10000,1
2022-03-25 19:23:35.135606,30.0000,0.2436,10000,5
2022-03-25 19:23:45.278445,24.0000,0.1949,10000,4
2022-03-25 19:23:55.421289,24.0000,0.1949,10000,4
2022-03-25 19:24:05.564130,12.0000,0.0974,10000,2
2022-03-25 19:24:15.722059,6.0000,0.0487,10000,1
2022-03-25 19:24:25.865032,0.0000,0.0000,10000,0
2022-03-25 19:24:36.008103,12.0000,0.0974,10000,2
2022-03-25 19:24:46.165999,6.0000,0.0487,10000,1
2022-03-25 19:24:56.308893,12.0000,0.0974,10000,2
2022-03-25 19:25:06.451786,18.0000,0.1462,10000,3
2022-03-25 19:25:16.594865,12.0000,0.0974,10000,2
2022-03-25 19:25:26.752482,6.0000,0.0487,10000,1
2022-03-25 19:25:36.895606,24.0000,0.1949,10000,4
2022-03-25 19:25:47.038492,30.0000,0.2436,10000,5
2022-03-25 19:25:57.196498,12.0000,0.0974,10000,2
2022-03-25 19:26:07.339422,30.0000,0.2436,10000,5
2022-03-25 19:26:17.482094,24.0000,0.1949,10000,4
2022-03-25 19:26:27.624888,6.0000,0.0487,10000,1
2022-03-25 19:26:37.782720,24.0000,0.1949,10000,4
2022-03-25 19:26:47.925591,24.0000,0.1949,10000,4
2022-03-25 19:26:58.068487,30.0000,0.2436,10000,5
2022-03-25 19:27:08.226522,18.0000,0.1462,10000,3
2022-03-25 19:27:18.369452,18.0000,0.1462,10000,3
2022-03-25 19:27:28.512437,24.0000,0.1949,10000,4
2022-03-25 19:27:38.670231,24.0000,0.1949,10000,4
2022-03-25 19:27:48.813141,18.0000,0.1462,10000,3
2022-03-25 19:27:58.956306,18.0000,0.1462,10000,3
2022-03-25 19:28:09.098983,0.0000,0.0000,10000,0
2022-03-25 19:28:19.256958,6.0000,0.0487,10000,1
2022-03-25 19:28:29.400061,30.0000,0.2436,10000,5
2022-03-25 19:28:39.543115,6.0000,0.0487,10000,1
2022-03-25 19:28:49.701011,24.0000,0.1949,10000,4
2022-03-25 19:28:59.844022,18.0000,0.1462,10000,3
2022-03-25 19:29:09.986947,18.0000,0.1462,10000,3
2022-03-25 19:29:20.144865,24.0000,0.1949,10000,4
2022-03-25 19:29:30.287677,12.0000,0.0974,10000,2
2022-03-25 19:29:40.430677,18.0000,0.1462,10000,3
2022-03-25 19:29:50.573449,30.0000,0.2436,10000,5
2022-03-25 19:30:00.731442,12.0000,0.0974,10000,2
2022-03-25 19:30:10.874166,6.0000,0.0487,10000,1
2022-03-25 19:30:21.016975,0.0000,0.0000,10000,0
2022-03-25 19:30:31.159976,30.0000,0.2436,10000,5
2022-03-25 19:30:41.317700,12.0000,0.0974,10000,2
2022-03-25 19:30:51.460757,18.0000,0.1462,10000,3
2022-03-25 19:31:01.603863,12.0000,0.0974,10000,2
2022-03-25 19:31:11.761819,36.0000,0.2923,10000,6
2022-03-25 19:31:21.904491,0.0000,0.0000,10000,0
2022-03-25 19:31:32.047534,24.0000,0.1949,10000,4
2022-03-25 19:31:42.205291,6.0000,0.0487,10000,1
2022-03-25 19:31:52.348402,18.0000,0.1462,10000,3
2022-03-25 19:32:02.491331,30.0000,0.2436,10000,5
2022-03-25 19:32:12.634072,12.0000,0.0974,10000,2
2022-03-25 19:32:22.791914,6.0000,0.0487,10000,1
2022-03-25 19:32:32.934672,6.0000,0.0487,10000,1
2022-03-25 19:32:43.077851,12.0000,0.0974,10000,2
2022-03-25 19:32:53.235658,36.0000,0.2923,10000,6
2022-03-25 19:33:03.378646,18.0000,0.1462,10000,3
2022-03-25 19:33:13.521446,12.0000,0.0974,10000,2
2022-03-25 19:33:23.679278,12.0000,0.0974,10000,2
2022-03-25 19:33:33.822149,12.0000,0.0974,10000,2
2022-03-25 19:33:43.964896,0.0000,0.0000,10000,0
2022-03-25 19:33:54.108035,24.0000,0.1949,10000,4
2022-03-25 19:34:04.250831,12.0000,0.0974,10000,2
2022-03-25 19:34:14.408779,12.0000,0.0974,10000,2
2022-03-25 19:34:24.551516,12.0000,0.0974,10000,2
2022-03-25 19:34:34.694592,6.0000,0.0487,10000,1
2022-03-25 19:34:44.852650,66.0000,0.5359,10000,11
2022-03-25 19:34:54.995533,24.0000,0.1949,10000,4
2022-03-25 19:35:05.138306,6.0000,0.0487,10000,1
2022-03-25 19:35:15.296234,30.0000,0.2436,10000,5
2022-03-25 19:35:25.439338,6.0000,0.0487,10000,1
2022-03-25 19:35:35.582035,18.0000,0.1462,10000,3
2022-03-25 19:35:45.739922,36.0000,0.2923,10000,6
2022-03-25 19:35:55.882690,0.0000,0.0000,10000,0
2022-03-25 19:36:06.025597,12.0000,0.0974,10000,2
2022-03-25 19:36:16.168425,6.0000,0.0487,10000,1
2022-03-25 19:36:26.326506,18.0000,0.1462,10000,3
2022-03-25 19:36:36.469474,12.0000,0.0974,10000,2
2022-03-25 19:36:46.612663,6.0000,0.0487,10000,1
2022-03-25 19:36:56.770164,24.0000,0.1949,10000,4
2022-03-25 19:37:06.913281,24.0000,0.1949,10000,4
2022-03-25 19:37:17.056027,0.0000,0.0000,10000,0
2022-03-25 19:37:27.198735,6.0000,0.0487,10000,1
2022-03-25 19:37:37.356624,12.0000,0.0974,10000,2
2022-03-25 19:37:47.499436,30.0000,0.2436,10000,5
2022-03-25 19:37:57.642363,0.0000,0.0000,10000,0
2022-03-25 19:38:07.800398,18.0000,0.1462,10000,3
2022-03-25 19:38:17.943355,24.0000,0.1949,10000,4
2022-03-25 19:38:28.086365,30.0000,0.2436,10000,5
2022-03-25 19:38:38.244138,36.0000,0.2923,10000,6
2022-03-25 19:38:48.387198,30.0000,0.2436,10000,5
2022-03-25 19:38:58.529944,12.0000,0.0974,10000,2
2022-03-25 19:39:08.687969,18.0000,0.1462,10000,3
2022-03-25 19:39:18.830902,18.0000,0.1462,10000,3
2022-03-25 19:39:28.973907,30.0000,0.2436,10000,5
2022-03-25 19:39:39.131965,30.0000,0.2436,10000,5
2022-03-25 19:39:49.274875,12.0000,0.0974,10000,2
2022-03-25 19:39:59.417588,48.0000,0.3898,10000,8
2022-03-25 19:40:09.575515,18.0000,0.1462,10000,3
2022-03-25 19:40:19.718340,18.0000,0.1462,10000,3
2022-03-25 19:40:29.861435,36.0000,0.2923,10000,6
2022-03-25 19:40:40.004236,6.0000,0.0487,10000,1
2022-03-25 19:40:50.162324,24.0000,0.1949,10000,4
2022-03-25 19:41:00.305262,18.0000,0.1462,10000,3
2022-03-25 19:41:10.448150,18.0000,0.1462,10000,3
2022-03-25 19:41:20.606242,36.0000,0.2923,10000,6
2022-03-25 19:41:30.749104,12.0000,0.0974,10000,2
2022-03-25 19:41:40.892045,0.0000,0.0000,10000,0
2022-03-25 19:41:51.050256,18.0000,0.1462,10000,3
2022-03-25 19:42:01.193006,6.0000,0.0487,10000,1
2022-03-25 19:42:11.336130,36.0000,0.2923,10000,6
2022-03-25 19:42:21.494148,30.0000,0.2436,10000,5
2022-03-25 19:42:31.637157,24.0000,0.1949,10000,4
2022-03-25 19:42:41.780080,18.0000,0.1462,10000,3
2022-03-25 19:42:51.938031,12.0000,0.0974,10000,2
2022-03-25 19:43:02.081047,6.0000,0.0487,10000,1
2022-03-25 19:43:12.223911,6.0000,0.0487,10000,1
2022-03-25 19:43:22.381910,24.0000,0.1949,10000,4
2022-03-25 19:43:32.524804,18.0000,0.1462,10000,3
2022-03-25 19:43:42.667530,6.0000,0.0487,10000,1
2022-03-25 19:43:52.810272,12.0000,0.0974,10000,2
2022-03-25 19:44:02.968148,0.0000,0.0000,10000,0
2022-03-25 19:44:13.110967,18.0000,0.1462,10000,3
2022-03-25 19:44:23.253885,18.0000,0.1462,10000,3
2022-03-25 19:44:33.412040,24.0000,0.1949,10000,4
2022-03-25 19:44:43.555065,0.0000,0.0000,10000,0
2022-03-25 19:44:53.698004,12.0000,0.0974,10000,2
2022-03-25 19:45:03.840966,6.0000,0.0487,10000,1
2022-03-25 19:45:13.999111,12.0000,0.0974,10000,2
2022-03-25 19:45:24.141906,30.0000,0.2436,10000,5
2022-03-25 19:45:34.284991,24.0000,0.1949,10000,4
2022-03-25 19:45:44.442663,0.0000,0.0000,10000,0
2022-03-25 19:45:54.585791,12.0000,0.0974,10000,2
2022-03-25 19:46:04.728504,6.0000,0.0487,10000,1
2022-03-25 19:46:14.886526,18.0000,0.1462,10000,3
2022-03-25 19:46:25.029553,12.0000,0.0974,10000,2
2022-03-25 19:46:35.172409,0.0000,0.0000,10000,0
2022-03-25 19:46:45.330364,12.0000,0.0974,10000,2
2022-03-25 19:46:55.473313,12.0000,0.0974,10000,2
2022-03-25 19:47:05.616370,12.0000,0.0974,10000,2
2022-03-25 19:47:15.759377,12.0000,0.0974,10000,2
2022-03-25 19:47:25.917096,18.0000,0.1462,10000,3
2022-03-25 19:47:36.059962,12.0000,0.0974,10000,2
2022-03-25 19:47:46.202941,12.0000,0.0974,10000,2
2022-03-25 19:47:56.360827,12.0000,0.0974,10000,2
2022-03-25 19:48:06.503737,12.0000,0.0974,10000,2
2022-03-25 19:48:16.646697,18.0000,0.1462,10000,3
2022-03-25 19:48:26.789641,18.0000,0.1462,10000,3
2022-03-25 19:48:36.947375,6.0000,0.0487,10000,1
2022-03-25 19:48:47.090384,12.0000,0.0974,10000,2
2022-03-25 19:48:57.233411,24.0000,0.1949,10000,4
2022-03-25 19:49:07.391296,12.0000,0.0974,10000,2
2022-03-25 19:49:17.534316,18.0000,0.1462,10000,3
2022-03-25 19:49:27.677224,24.0000,0.1949,10000,4
2022-03-25 19:49:37.835231,12.0000,0.0974,10000,2
2022-03-25 19:49:47.978075,12.0000,0.0974,10000,2
2022-03-25 19:49:58.121000,18.0000,0.1462,10000,3
2022-03-25 19:50:08.278941,24.0000,0.1949,10000,4
2022-03-25 19:50:18.421640,6.0000,0.0487,10000,1
2022-03-25 19:50:28.564590,12.0000,0.0974,10000,2
2022-03-25 19:50:38.722337,12.0000,0.0974,10000,2
2022-03-25 19:50:48.865279,30.0000,0.2436,10000,5
2022-03-25 19:50:59.008121,24.0000,0.1949,10000,4
2022-03-25 19:51:09.150896,6.0000,0.0487,10000,1
2022-03-25 19:51:19.308711,18.0000,0.1462,10000,3
2022-03-25 19:51:29.451712,18.0000,0.1462,10000,3
2022-03-25 19:51:39.594439,6.0000,0.0487,10000,1
2022-03-25 19:51:49.738142,6.0000,0.0487,10000,1
2022-03-25 19:51:59.895494,18.0000,0.1462,10000,3
2022-03-25 19:52:10.038389,12.0000,0.0974,10000,2
2022-03-25 19:52:20.181020,12.0000,0.0974,10000,2
2022-03-25 19:52:30.324149,18.0000,0.1462,10000,3
2022-03-25 19:52:40.481875,12.0000,0.0974,10000,2
2022-03-25 19:52:50.624753,18.0000,0.1462,10000,3
2022-03-25 19:53:00.767721,18.0000,0.1462,10000,3
2022-03-25 19:53:10.925771,30.0000,0.2436,10000,5
2022-03-25 19:53:21.068781,12.0000,0.0974,10000,2
2022-03-25 19:53:31.211753,18.0000,0.1462,10000,3
2022-03-25 19:53:41.369446,6.0000,0.0487,10000,1
2022-03-25 19:53:51.512689,12.0000,0.0974,10000,2
2022-03-25 19:54:01.655636,0.0000,0.0000,10000,0
2022-03-25 19:54:11.813495,6.0000,0.0487,10000,1
2022-03-25 19:54:21.956656,18.0000,0.1462,10000,3
2022-03-25 19:54:32.099450,12.0000,0.0974,10000,2
2022-03-25 19:54:42.257403,24.0000,0.1949,10000,4
2022-03-25 19:54:52.400509,36.0000,0.2923,10000,6
2022-03-25 19:55:02.543489,18.0000,0.1462,10000,3
2022-03-25 19:55:12.701440,18.0000,0.1462,10000,3
2022-03-25 19:55:22.844401,36.0000,0.2923,10000,6
2022-03-25 19:55:32.987119,6.0000,0.0487,10000,1
2022-03-25 19:55:43.129934,24.0000,0.1949,10000,4
2022-03-25 19:55:53.272729,12.0000,0.0974,10000,2
2022-03-25 19:56:03.430596,12.0000,0.0974,10000,2
2022-03-25 19:56:13.573451,18.0000,0.1462,10000,3
2022-03-25 19:56:23.716246,24.0000,0.1949,10000,4
2022-03-25 19:56:33.874222,24.0000,0.1949,10000,4
2022-03-25 19:56:44.016977,6.0000,0.0487,10000,1
2022-03-25 19:56:54.159923,30.0000,0.2436,10000,5
2022-03-25 19:57:04.317763,18.0000,0.1462,10000,3
2022-03-25 19:57:14.460909,24.0000,0.1949,10000,4
2022-03-25 19:57:24.603705,6.0000,0.0487,10000,1
2022-03-25 19:57:34.761517,12.0000,0.0974,10000,2
2022-03-25 19:57:44.904372,12.0000,0.0974,10000,2
2022-03-25 19:57:55.047319,18.0000,0.1462,10000,3
2022-03-25 19:58:05.190252,18.0000,0.1462,10000,3
2022-03-25 19:58:15.348037,42.0000,0.3410,10000,7
2022-03-25 19:58:25.491090,12.0000,0.0974,10000,2
2022-03-25 19:58:35.634158,12.0000,0.0974,10000,2
2022-03-25 19:58:45.791846,18.0000,0.1462,10000,3
2022-03-25 19:58:55.934581,6.0000,0.0487,10000,1
2022-03-25 19:59:06.077602,18.0000,0.1462,10000,3
2022-03-25 19:59:16.220317,0.0000,0.0000,10000,0
2022-03-25 19:59:26.378222,18.0000,0.1462,10000,3
2022-03-25 19:59:36.521413,48.0000,0.3898,10000,8
2022-03-25 19:59:46.664170,24.0000,0.1949,10000,4
2022-03-25 19:59:56.822304,24.0000,0.1949,10000,4
2022-03-25 20:00:06.965239,12.0000,0.0974,10000,2
2022-03-25 20:00:17.108076,0.0000,0.0000,10000,0
2022-03-25 20:00:27.266063,18.0000,0.1462,10000,3
2022-03-25 20:00:37.408837,18.0000,0.1462,10000,3
2022-03-25 20:00:47.552077,12.0000,0.0974,10000,2
2022-03-25 20:00:57.709833,6.0000,0.0487,10000,1
2022-03-25 20:01:07.852968,36.0000,0.2923,10000,6
2022-03-25 20:01:17.995768,0.0000,0.0000,10000,0
2022-03-25 20:01:28.153791,12.0000,0.0974,10000,2
2022-03-25 20:01:38.296666,6.0000,0.0487,10000,1
2022-03-25 20:01:48.439632,12.0000,0.0974,10000,2
2022-03-25 20:01:58.582395,12.0000,0.0974,10000,2
2022-03-25 20:02:08.740479,18.0000,0.1462,10000,3
2022-03-25 20:02:18.883573,12.0000,0.0974,10000,2
2022-03-25 20:02:29.026324,0.0000,0.0000,10000,0
2022-03-25 20:02:39.184638,36.0000,0.2923,10000,6
2022-03-25 20:02:49.327375,12.0000,0.0974,10000,2
2022-03-25 20:02:59.470080,24.0000,0.1949,10000,4
2022-03-25 20:03:09.612903,6.0000,0.0487,10000,1
2022-03-25 20:03:19.770894,18.0000,0.1462,10000,3
2022-03-25 20:03:29.914114,24.0000,0.1949,10000,4
2022-03-25 20:03:40.057292,24.0000,0.1949,10000,4
2022-03-25 20:03:50.214955,18.0000,0.1462,10000,3
2022-03-25 20:04:00.358069,18.0000,0.1462,10000,3
2022-03-25 20:04:10.501068,18.0000,0.1462,10000,3
2022-03-25 20:04:20.659195,12.0000,0.0974,10000,2
2022-03-25 20:04:30.802293,36.0000,0.2923,10000,6
2022-03-25 20:04:40.945124,6.0000,0.0487,10000,1
2022-03-25 20:04:51.103148,18.0000,0.1462,10000,3
2022-03-25 20:05:01.245951,36.0000,0.2923,10000,6
2022-03-25 20:05:11.388682,12.0000,0.0974,10000,2
2022-03-25 20:05:21.531714,18.0000,0.1462,10000,3
2022-03-25 20:05:31.689670,12.0000,0.0974,10000,2
2022-03-25 20:05:41.832601,18.0000,0.1462,10000,3
2022-03-25 20:05:51.975380,18.0000,0.1462,10000,3
2022-03-25 20:06:02.118147,6.0000,0.0487,10000,1
2022-03-25 20:06:12.275958,18.0000,0.1462,10000,3
2022-03-25 20:06:22.419260,48.0000,0.3898,10000,8
2022-03-25 20:06:32.577073,12.0000,0.0974,10000,2
2022-03-25 20:06:42.719939,12.0000,0.0974,10000,2
2022-03-25 20:06:52.863148,24.0000,0.1949,10000,4
2022-03-25 20:07:03.006195,18.0000,0.1462,10000,3
2022-03-25 20:07:13.164116,18.0000,0.1462,10000,3
2022-03-25 20:07:23.307236,18.0000,0.1462,10000,3
2022-03-25 20:07:33.465190,30.0000,0.2436,10000,5
2022-03-25 20:07:43.608202,36.0000,0.2923,10000,6
2022-03-25 20:07:53.751243,18.0000,0.1462,10000,3
2022-03-25 20:08:03.908862,24.0000,0.1949,10000,4
2022-03-25 20:08:14.051837,12.0000,0.0974,10000,2
2022-03-25 20:08:24.195137,36.0000,0.2923,10000,6
2022-03-25 20:08:34.352887,18.0000,0.1462,10000,3
2022-03-25 20:08:44.495687,30.0000,0.2436,10000,5
2022-03-25 20:08:54.638668,24.0000,0.1949,10000,4
2022-03-25 20:09:04.796585,6.0000,0.0487,10000,1
2022-03-25 20:09:14.939399,0.0000,0.0000,10000,0
2022-03-25 20:09:25.082289,18.0000,0.1462,10000,3
2022-03-25 20:09:35.225211,6.0000,0.0487,10000,1
2022-03-25 20:09:45.383205,18.0000,0.1462,10000,3
2022-03-25 20:09:55.526098,24.0000,0.1949,10000,4
2022-03-25 20:10:05.668902,0.0000,0.0000,10000,0
2022-03-25 20:10:15.811887,30.0000,0.2436,10000,5
2022-03-25 20:10:25.969745,6.0000,0.0487,10000,1
2022-03-25 20:10:36.112412,6.0000,0.0487,10000,1
2022-03-25 20:10:46.255311,12.0000,0.0974,10000,2
2022-03-25 20:10:56.398305,12.0000,0.0974,10000,2
2022-03-25 20:11:06.556283,0.0000,0.0000,10000,0
2022-03-25 20:11:16.699402,24.0000,0.1949,10000,4
2022-03-25 20:11:26.842399,18.0000,0.1462,10000,3
2022-03-25 20:11:37.000318,24.0000,0.1949,10000,4
2022-03-25 20:11:47.143382,12.0000,0.0974,10000,2
2022-03-25 20:11:57.286342,24.0000,0.1949,10000,4
2022-03-25 20:12:07.444323,12.0000,0.0974,10000,2
2022-03-25 20:12:17.587303,6.0000,0.0487,10000,1
2022-03-25 20:12:27.729953,12.0000,0.0974,10000,2
2022-03-25 20:12:37.888067,12.0000,0.0974,10000,2
2022-03-25 20:12:48.030830,6.0000,0.0487,10000,1
2022-03-25 20:12:58.174019,18.0000,0.1462,10000,3
2022-03-25 20:13:08.331918,18.0000,0.1462,10000,3
2022-03-25 20:13:18.475084,36.0000,0.2923,10000,6
2022-03-25 20:13:28.617994,12.0000,0.0974,10000,2
2022-03-25 20:13:38.760860,12.0000,0.0974,10000,2
2022-03-25 20:13:48.918577,18.0000,0.1462,10000,3
2022-03-25 20:13:59.061419,24.0000,0.1949,10000,4
2022-03-25 20:14:09.204342,24.0000,0.1949,10000,4
2022-03-25 20:14:19.362476,60.0000,0.4872,10000,10
2022-03-25 20:14:29.505344,24.0000,0.1949,10000,4
2022-03-25 20:14:39.648247,6.0000,0.0487,10000,1
2022-03-25 20:14:49.806154,12.0000,0.0974,10000,2
2022-03-25 20:14:59.949201,18.0000,0.1462,10000,3
2022-03-25 20:15:10.091918,6.0000,0.0487,10000,1
2022-03-25 20:15:20.235064,12.0000,0.0974,10000,2
2022-03-25 20:15:30.393022,6.0000,0.0487,10000,1
2022-03-25 20:15:40.535888,24.0000,0.1949,10000,4
2022-03-25 20:15:50.678652,6.0000,0.0487,10000,1
2022-03-25 20:16:00.836689,12.0000,0.0974,10000,2
2022-03-25 20:16:10.979655,18.0000,0.1462,10000,3
2022-03-25 20:16:21.122391,6.0000,0.0487,10000,1
2022-03-25 20:16:31.280442,18.0000,0.1462,10000,3
2022-03-25 20:16:41.423433,30.0000,0.2436,10000,5
2022-03-25 20:16:51.566240,24.0000,0.1949,10000,4
2022-03-25 20:17:01.709091,6.0000,0.0487,10000,1
2022-03-25 20:17:11.866944,18.0000,0.1462,10000,3
2022-03-25 20:17:22.009814,6.0000,0.0487,10000,1
2022-03-25 20:17:32.152757,6.0000,0.0487,10000,1
2022-03-25 20:17:42.295906,18.0000,0.1462,10000,3
2022-03-25 20:17:52.453541,0.0000,0.0000,10000,0
2022-03-25 20:18:02.596605,36.0000,0.2923,10000,6
2022-03-25 20:18:12.739422,18.0000,0.1462,10000,3
2022-03-25 20:18:22.897464,18.0000,0.1462,10000,3
2022-03-25 20:18:33.040196,36.0000,0.2923,10000,6
2022-03-25 20:18:43.183049,12.0000,0.0974,10000,2
2022-03-25 20:18:53.340958,18.0000,0.1462,10000,3
2022-03-25 20:19:03.484107,18.0000,0.1462,10000,3
2022-03-25 20:19:13.627055,18.0000,0.1462,10000,3
2022-03-25 20:19:23.785032,36.0000,0.2923,10000,6
2022-03-25 20:19:33.928198,18.0000,0.1462,10000,3
2022-03-25 20:19:44.070810,18.0000,0.1462,10000,3
2022-03-25 20:19:54.228855,12.0000,0.0974,10000,2
2022-03-25 20:20:04.371917,18.0000,0.1462,10000,3
2022-03-25 20:20:14.514626,0.0000,0.0000,10000,0
2022-03-25 20:20:24.657522,12.0000,0.0974,10000,2
2022-03-25 20:20:34.800348,6.0000,0.0487,10000,1
2022-03-25 20:20:44.958183,18.0000,0.1462,10000,3
2022-03-25 20:20:55.101019,0.0000,0.0000,10000,0
2022-03-25 20:21:05.244209,18.0000,0.1462,10000,3
2022-03-25 20:21:15.386931,24.0000,0.1949,10000,4
2022-03-25 20:21:25.544739,18.0000,0.1462,10000,3
2022-03-25 20:21:35.688006,0.0000,0.0000,10000,0
2022-03-25 20:21:45.830862,24.0000,0.1949,10000,4
2022-03-25 20:21:55.988554,6.0000,0.0487,10000,1
2022-03-25 20:22:06.131463,0.0000,0.0000,10000,0
2022-03-25 20:22:16.274464,36.0000,0.2923,10000,6
2022-03-25 20:22:26.432369,30.0000,0.2436,10000,5
2022-03-25 20:22:36.575490,42.0000,0.3410,10000,7
2022-03-25 20:22:46.718276,12.0000,0.0974,10000,2
2022-03-25 20:22:56.876323,24.0000,0.1949,10000,4
2022-03-25 20:23:07.019468,24.0000,0.1949,10000,4
2022-03-25 20:23:17.162361,12.0000,0.0974,10000,2
2022-03-25 20:23:27.320092,30.0000,0.2436,10000,5
2022-03-25 20:23:37.463312,12.0000,0.0974,10000,2
2022-03-25 20:23:47.606314,12.0000,0.0974,10000,2
2022-03-25 20:23:57.764226,18.0000,0.1462,10000,3
2022-03-25 20:24:07.907239,30.0000,0.2436,10000,5
2022-03-25 20:24:18.050150,12.0000,0.0974,10000,2
2022-03-25 20:24:28.193031,6.0000,0.0487,10000,1
2022-03-25 20:24:38.350934,42.0000,0.3410,10000,7
2022-03-25 20:24:48.493858,12.0000,0.0974,10000,2
2022-03-25 20:24:58.636695,18.0000,0.1462,10000,3
2022-03-25 20:25:08.794695,0.0000,0.0000,10000,0
2022-03-25 20:25:18.937658,18.0000,0.1462,10000,3
2022-03-25 20:25:29.080658,18.0000,0.1462,10000,3
2022-03-25 20:25:39.238691,54.0000,0.4385,10000,9
2022-03-25 20:25:49.381528,0.0000,0.0000,10000,0
2022-03-25 20:25:59.524307,6.0000,0.0487,10000,1
2022-03-25 20:26:09.667326,18.0000,0.1462,10000,3
2022-03-25 20:26:19.825219,18.0000,0.1462,10000,3
2022-03-25 20:26:29.968447,24.0000,0.1949,10000,4
2022-03-25 20:26:40.111257,24.0000,0.1949,10000,4
2022-03-25 20:26:50.269241,12.0000,0.0974,10000,2
2022-03-25 20:27:00.412118,6.0000,0.0487,10000,1
2022-03-25 20:27:10.555154,18.0000,0.1462,10000,3
2022-03-25 20:27:20.713117,12.0000,0.0974,10000,2
2022-03-25 20:27:30.856090,18.0000,0.1462,10000,3
2022-03-25 20:27:40.998758,0.0000,0.0000,10000,0
2022-03-25 20:27:51.141739,6.0000,0.0487,10000,1
2022-03-25 20:28:01.299813,30.0000,0.2436,10000,5
2022-03-25 20:28:11.442882,30.0000,0.2436,10000,5
2022-03-25 20:28:21.600774,24.0000,0.1949,10000,4
2022-03-25 20:28:31.743691,12.0000,0.0974,10000,2
2022-03-25 20:28:41.886864,24.0000,0.1949,10000,4
2022-03-25 20:28:52.044756,18.0000,0.1462,10000,3
2022-03-25 20:29:02.187558,24.0000,0.1949,10000,4
2022-03-25 20:29:12.330451,12.0000,0.0974,10000,2
2022-03-25 20:29:22.473470,12.0000,0.0974,10000,2
2022-03-25 20:29:32.631577,18.0000,0.1462,10000,3
2022-03-25 20:29:42.774170,18.0000,0.1462,10000,3
2022-03-25 20:29:52.932409,36.0000,0.2923,10000,6
2022-03-25 20:30:03.075549,30.0000,0.2436,10000,5
2022-03-25 20:30:13.218227,30.0000,0.2436,10000,5
2022-03-25 20:30:23.376338,12.0000,0.0974,10000,2
2022-03-25 20:30:33.519198,24.0000,0.1949,10000,4
2022-03-25 20:30:43.662002,12.0000,0.0974,10000,2
2022-03-25 20:30:53.805027,18.0000,0.1462,10000,3
2022-03-25 20:31:03.962891,12.0000,0.0974,10000,2
2022-03-25 20:31:14.105923,30.0000,0.2436,10000,5
2022-03-25 20:31:24.248704,12.0000,0.0974,10000,2
2022-03-25 20:31:34.391416,6.0000,0.0487,10000,1
2022-03-25 20:31:44.549486,36.0000,0.2923,10000,6
2022-03-25 20:31:54.692316,18.0000,0.1462,10000,3
2022-03-25 20:32:04.835160,12.0000,0.0974,10000,2
2022-03-25 20:32:14.993223,18.0000,0.1462,10000,3
2022-03-25 20:32:25.136102,6.0000,0.0487,10000,1
2022-03-25 20:32:35.279245,12.0000,0.0974,10000,2
2022-03-25 20:32:45.421891,6.0000,0.0487,10000,1
2022-03-25 20:32:55.580186,24.0000,0.1949,10000,4
2022-03-25 20:33:05.723328,18.0000,0.1462,10000,3
2022-03-25 20:33:15.866226,18.0000,0.1462,10000,3
2022-03-25 20:33:26.024093,36.0000,0.2923,10000,6
2022-03-25 20:33:36.166923,36.0000,0.2923,10000,6
2022-03-25 20:33:46.309731,12.0000,0.0974,10000,2
2022-03-25 20:33:56.452839,6.0000,0.0487,10000,1
2022-03-25 20:34:06.610728,24.0000,0.1949,10000,4
2022-03-25 20:34:16.753801,30.0000,0.2436,10000,5
2022-03-25 20:34:26.911714,18.0000,0.1462,10000,3
2022-03-25 20:34:37.054757,24.0000,0.1949,10000,4
2022-03-25 20:34:47.197423,18.0000,0.1462,10000,3
2022-03-25 20:34:57.340532,18.0000,0.1462,10000,3
2022-03-25 20:35:07.498458,36.0000,0.2923,10000,6
2022-03-25 20:35:17.641518,24.0000,0.1949,10000,4
2022-03-25 20:35:27.784204,6.0000,0.0487,10000,1
2022-03-25 20:35:37.942408,12.0000,0.0974,10000,2
2022-03-25 20:35:48.085367,12.0000,0.0974,10000,2
2022-03-25 20:35:58.228172,0.0000,0.0000,10000,0
2022-03-25 20:36:08.371264,18.0000,0.1462,10000,3
2022-03-25 20:36:18.529146,24.0000,0.1949,10000,4
2022-03-25 20:36:28.672080,12.0000,0.0974,10000,2
2022-03-25 20:36:38.814730,24.0000,0.1949,10000,4
2022-03-25 20:36:48.972591,18.0000,0.1462,10000,3
2022-03-25 20:36:59.115670,12.0000,0.0974,10000,2
2022-03-25 20:37:09.273747,18.0000,0.1462,10000,3
2022-03-25 20:37:19.416577,24.0000,0.1949,10000,4
2022-03-25 20:37:29.559592,18.0000,0.1462,10000,3
2022-03-25 20:37:39.702287,6.0000,0.0487,10000,1
2022-03-25 20:37:49.860319,12.0000,0.0974,10000,2
2022-03-25 20:38:00.003249,18.0000,0.1462,10000,3
2022-03-25 20:38:10.146474,30.0000,0.2436,10000,5
2022-03-25 20:38:20.304019,12.0000,0.0974,10000,2
2022-03-25 20:38:30.447049,12.0000,0.0974,10000,2
2022-03-25 20:38:40.589803,24.0000,0.1949,10000,4
2022-03-25 20:38:50.732532,6.0000,0.0487,10000,1
2022-03-25 20:39:00.890258,0.0000,0.0000,10000,0
2022-03-25 20:39:11.033166,12.0000,0.0974,10000,2
2022-03-25 20:39:21.176065,24.0000,0.1949,10000,4
2022-03-25 20:39:31.318958,18.0000,0.1462,10000,3
2022-03-25 20:39:41.477101,12.0000,0.0974,10000,2
2022-03-25 20:39:51.619988,30.0000,0.2436,10000,5
2022-03-25 20:40:01.762895,6.0000,0.0487,10000,1
2022-03-25 20:40:11.920857,30.0000,0.2436,10000,5
2022-03-25 20:40:22.063884,12.0000,0.0974,10000,2
2022-03-25 20:40:32.206724,18.0000,0.1462,10000,3
2022-03-25 20:40:42.364846,18.0000,0.1462,10000,3
2022-03-25 20:40:52.507793,18.0000,0.1462,10000,3
2022-03-25 20:41:02.650854,6.0000,0.0487,10000,1
2022-03-25 20:41:12.808920,24.0000,0.1949,10000,4
2022-03-25 20:41:22.951830,0.0000,0.0000,10000,0
2022-03-25 20:41:33.094950,18.0000,0.1462,10000,3
2022-03-25 20:41:43.252965,12.0000,0.0974,10000,2
2022-03-25 20:41:53.395912,30.0000,0.2436,10000,5
2022-03-25 20:42:03.538744,6.0000,0.0487,10000,1
2022-03-25 20:42:13.681863,12.0000,0.0974,10000,2
2022-03-25 20:42:23.824689,24.0000,0.1949,10000,4
2022-03-25 20:42:33.982415,6.0000,0.0487,10000,1
2022-03-25 20:42:44.125343,12.0000,0.0974,10000,2
2022-03-25 20:42:54.268409,18.0000,0.1462,10000,3
2022-03-25 20:43:04.411582,24.0000,0.1949,10000,4
2022-03-25 20:43:14.569253,18.0000,0.1462,10000,3
2022-03-25 20:43:24.712192,36.0000,0.2923,10000,6
2022-03-25 20:43:34.870214,12.0000,0.0974,10000,2
2022-03-25 20:43:45.012929,6.0000,0.0487,10000,1
2022-03-25 20:43:55.155936,6.0000,0.0487,10000,1
2022-03-25 20:44:05.299099,6.0000,0.0487,10000,1
2022-03-25 20:44:15.457030,30.0000,0.2436,10000,5
2022-03-25 20:44:25.599940,24.0000,0.1949,10000,4
2022-03-25 20:44:35.742981,12.0000,0.0974,10000,2
2022-03-25 20:44:45.900923,6.0000,0.0487,10000,1
