dateTime,temperature,pressure,humidity,gas
2022-03-25 19:09:32.154402,30.32,99.31,13.22,8951.75
2022-03-25 19:09:42.182936,30.28,99.31,13.83,8996.66
2022-03-25 19:09:52.226757,30.24,99.31,13.85,9042.02
2022-03-25 19:10:02.270524,30.21,99.31,14.21,9095.52
2022-03-25 19:10:12.299251,30.19,99.31,14.65,8966.67
2022-03-25 19:10:22.342691,30.20,99.31,14.79,8892.56
2022-03-25 19:10:32.386536,30.18,99.31,14.73,8899.92
2022-03-25 19:10:42.430307,30.22,99.31,14.55,8841.41
2022-03-25 19:10:52.458926,30.20,99.31,14.69,8783.67
2022-03-25 19:11:02.502764,30.18,99.31,14.54,8733.77
2022-03-25 19:11:12.546226,30.21,99.31,14.16,8892.56
2022-03-25 19:11:22.574655,30.23,99.31,14.07,8870.57
2022-03-25 19:11:32.618386,30.25,99.31,13.88,8834.15
2022-03-25 19:11:42.662159,30.30,99.31,13.77,8907.29
2022-03-25 19:11:52.690964,30.40,99.31,14.36,8726.68
2022-03-25 19:12:02.734952,30.40,99.31,14.26,8691.44
2022-03-25 19:12:12.779053,30.49,99.31,15.12,8472.44
2022-03-25 19:12:22.807064,30.54,99.31,15.02,8308.88
2022-03-25 19:12:32.850898,30.55,99.31,14.48,8257.87
2022-03-25 19:12:42.894790,30.57,99.31,14.52,8176.29
2022-03-25 19:12:52.938449,30.61,99.30,14.62,8023.86
2022-03-25 19:13:02.966945,30.62,99.30,14.76,7905.95
2022-03-25 19:13:13.010477,30.64,99.30,14.63,7848.29
2022-03-25 19:13:23.054224,30.66,99.31,14.42,7894.35
2022-03-25 19:13:33.083037,30.69,99.31,14.44,7854.02
2022-03-25 19:13:43.126645,30.69,99.31,14.78,7882.78
2022-03-25 19:13:53.170159,30.71,99.30,15.04,7768.95
2022-03-25 19:14:03.198566,30.73,99.30,14.86,7802.76
2022-03-25 19:14:13.241926,30.73,99.30,14.70,7859.75
2022-03-25 19:14:23.285844,30.74,99.30,14.70,7882.78
2022-03-25 19:14:33.314490,30.77,99.30,14.51,7935.10
2022-03-25 19:14:43.358120,30.77,99.30,15.00,7905.95
2022-03-25 19:14:53.402011,30.73,99.30,14.64,7964.47
2022-03-25 19:15:03.445917,30.78,99.30,14.92,7865.50
2022-03-25 19:15:13.474360,30.83,99.30,14.87,7746.58
2022-03-25 19:15:23.518342,30.84,99.30,14.87,7724.34
2022-03-25 19:15:33.561936,30.88,99.30,14.81,7593.51
2022-03-25 19:15:43.590219,30.90,99.30,14.78,7540.29
2022-03-25 19:15:53.633913,30.95,99.30,15.07,7415.58
2022-03-25 19:16:03.677502,30.90,99.30,14.89,7395.19
2022-03-25 19:16:13.706121,30.91,99.30,14.74,7482.62
2022-03-25 19:16:23.750078,30.91,99.30,14.67,7519.22
2022-03-25 19:16:33.794014,30.88,99.30,14.31,7674.75
2022-03-25 19:16:43.822601,30.90,99.30,14.40,7746.58
2022-03-25 19:16:53.866425,30.93,99.30,14.49,7791.46
2022-03-25 19:17:03.910513,30.98,99.30,14.58,7825.46
2022-03-25 19:17:13.954361,31.01,99.30,14.79,7825.46
2022-03-25 19:17:23.982713,31.02,99.30,14.66,7825.46
2022-03-25 19:17:34.026535,31.05,99.30,14.65,7752.16
2022-03-25 19:17:44.070291,31.07,99.30,14.77,7604.24
2022-03-25 19:17:54.099135,31.07,99.29,14.50,7598.87
2022-03-25 19:18:04.142618,31.05,99.30,14.56,7503.49
2022-03-25 19:18:14.186576,31.08,99.30,14.68,7436.08
2022-03-25 19:18:24.215077,31.11,99.29,14.74,7395.19
2022-03-25 19:18:34.258987,31.11,99.29,14.72,7324.71
2022-03-25 19:18:44.302784,31.04,99.30,14.41,7304.82
2022-03-25 19:18:54.346456,31.05,99.30,13.99,7477.42
2022-03-25 19:19:04.374738,31.07,99.29,14.08,7503.49
2022-03-25 19:19:14.418791,31.08,99.30,13.90,7588.15
2022-03-25 19:19:24.462375,31.11,99.29,13.96,7582.81
2022-03-25 19:19:34.505994,31.17,99.30,14.49,7395.19
2022-03-25 19:19:44.534368,31.22,99.29,14.48,7319.73
2022-03-25 19:19:54.578132,31.35,99.29,15.49,6996.10
2022-03-25 19:20:04.621796,31.42,99.29,15.81,6679.08
2022-03-25 19:20:14.650150,31.48,99.29,15.73,6585.07
2022-03-25 19:20:24.694094,31.47,99.29,15.34,6641.98
2022-03-25 19:20:34.737667,31.49,99.29,14.96,6637.88
2022-03-25 19:20:44.766077,31.52,99.29,14.88,6597.18
2022-03-25 19:20:54.809751,31.52,99.29,14.75,6708.23
2022-03-25 19:21:04.853628,31.54,99.29,14.62,6771.55
2022-03-25 19:21:14.882114,31.57,99.29,15.27,6679.08
2022-03-25 19:21:24.925894,31.62,99.29,14.98,6729.21
2022-03-25 19:21:34.969759,31.69,99.29,15.44,6509.38
2022-03-25 19:21:45.013563,31.73,99.28,15.87,6223.25
2022-03-25 19:21:55.042122,31.64,99.29,14.90,6288.72
2022-03-25 19:22:05.085794,31.63,99.29,14.75,6266.74
2022-03-25 19:22:15.129319,31.63,99.29,15.38,6166.19
2022-03-25 19:22:25.158035,31.65,99.29,15.03,6226.85
2022-03-25 19:22:35.201801,31.52,99.29,14.35,6525.17
2022-03-25 19:22:45.245375,31.38,99.29,13.69,6897.44
2022-03-25 19:22:55.273841,31.38,99.29,13.56,7231.18
2022-03-25 19:23:05.317510,31.45,99.28,13.82,7294.92
2022-03-25 19:23:15.361455,31.43,99.29,14.05,7289.97
2022-03-25 19:23:25.405370,31.50,99.28,14.77,7178.12
2022-03-25 19:23:35.434088,31.42,99.28,14.63,7144.75
2022-03-25 19:23:45.478335,31.44,99.28,14.45,7149.50
2022-03-25 19:23:55.522081,31.53,99.29,14.52,7135.28
2022-03-25 19:24:05.550603,31.61,99.29,14.67,7041.88
2022-03-25 19:24:15.594207,31.64,99.28,14.42,6919.61
2022-03-25 19:24:25.637839,31.73,99.28,14.32,6937.46
2022-03-25 19:24:35.666429,31.72,99.29,13.94,7014.34
2022-03-25 19:24:45.710119,31.75,99.28,13.87,7083.61
2022-03-25 19:24:55.753880,31.77,99.29,14.05,6955.40
2022-03-25 19:25:05.782613,31.72,99.29,13.78,7055.74
2022-03-25 19:25:15.826575,31.67,99.28,13.43,7206.97
2022-03-25 19:25:25.870409,31.67,99.28,13.29,7319.73
2022-03-25 19:25:35.914166,31.70,99.28,13.33,7309.78
2022-03-25 19:25:45.942710,31.70,99.29,13.33,7314.75
2022-03-25 19:25:55.986359,31.69,99.29,13.29,7369.86
2022-03-25 19:26:06.030188,31.70,99.28,13.27,7405.37
2022-03-25 19:26:16.073984,31.73,99.29,14.01,7163.78
2022-03-25 19:26:26.103017,31.70,99.29,14.15,7000.65
2022-03-25 19:26:36.146526,31.69,99.29,13.92,7065.00
2022-03-25 19:26:46.190508,31.69,99.29,14.34,6937.46
2022-03-25 19:26:56.218739,31.64,99.29,14.33,6875.40
2022-03-25 19:27:06.262701,31.69,99.28,14.16,6937.46
2022-03-25 19:27:16.306305,31.66,99.28,13.59,7121.11
2022-03-25 19:27:26.335078,31.62,99.28,14.04,7023.50
2022-03-25 19:27:36.378948,31.65,99.28,14.25,6928.52
2022-03-25 19:27:46.422255,31.68,99.29,14.94,6720.80
2022-03-25 19:27:56.466367,31.71,99.28,14.78,6633.79
2022-03-25 19:28:06.495361,31.70,99.29,14.49,6637.88
2022-03-25 19:28:16.538783,31.60,99.28,13.81,6866.62
2022-03-25 19:28:26.582327,31.42,99.28,13.42,7121.11
2022-03-25 19:28:36.610745,31.43,99.28,13.54,7285.04
2022-03-25 19:28:46.655054,31.39,99.28,13.97,7255.56
2022-03-25 19:28:56.698617,31.32,99.28,14.02,7304.82
2022-03-25 19:29:06.727180,31.27,99.28,13.80,7436.08
2022-03-25 19:29:16.770862,31.26,99.28,13.94,7425.81
2022-03-25 19:29:26.814630,31.26,99.28,13.63,7593.51
2022-03-25 19:29:36.843425,31.26,99.28,13.75,7550.88
2022-03-25 19:29:46.887330,31.32,99.29,14.25,7415.58
2022-03-25 19:29:56.931297,31.32,99.29,14.88,7289.97
2022-03-25 19:30:06.975145,31.33,99.28,14.87,7240.92
2022-03-25 19:30:17.003899,31.34,99.29,14.79,7154.25
2022-03-25 19:30:27.047808,31.36,99.28,14.17,7314.75
2022-03-25 19:30:37.091238,31.36,99.28,14.31,7245.79
2022-03-25 19:30:47.119949,31.37,99.28,14.54,7144.75
2022-03-25 19:30:57.163578,31.39,99.28,14.83,6857.87
2022-03-25 19:31:07.207501,31.45,99.28,14.80,6687.38
2022-03-25 19:31:32.973407,31.48,99.28,14.69,9488.54
2022-03-25 19:31:43.005210,31.41,99.28,14.77,7275.19
2022-03-25 19:31:53.049241,31.32,99.29,14.83,6871.01
2022-03-25 19:32:03.092704,31.38,99.29,14.88,6704.05
2022-03-25 19:32:13.136011,31.42,99.28,14.81,6581.04
2022-03-25 19:32:23.164162,31.43,99.28,14.25,6666.67
2022-03-25 19:32:33.207608,31.36,99.28,13.70,6849.14
2022-03-25 19:32:43.251024,31.31,99.28,13.88,6919.61
2022-03-25 19:32:53.279311,31.16,99.28,13.97,7088.27
2022-03-25 19:33:03.322810,31.07,99.29,13.71,7289.97
2022-03-25 19:33:13.366101,31.08,99.29,14.03,7339.70
2022-03-25 19:33:23.394210,31.03,99.29,14.27,7275.19
2022-03-25 19:33:33.437410,31.10,99.29,14.86,7130.55
2022-03-25 19:33:43.480792,31.17,99.28,15.44,6849.14
2022-03-25 19:33:53.524113,31.23,99.28,15.14,6754.55
2022-03-25 19:34:03.552112,31.25,99.28,14.54,6915.17
2022-03-25 19:34:13.596204,31.24,99.28,13.48,7121.11
2022-03-25 19:34:23.639658,31.27,99.28,13.15,7364.82
2022-03-25 19:34:33.682708,31.28,99.28,13.98,7334.70
2022-03-25 19:34:43.710618,31.27,99.28,13.86,7309.78
2022-03-25 19:34:53.753923,31.30,99.28,14.66,7140.01
2022-03-25 19:35:03.797630,31.13,99.28,14.31,7144.75
2022-03-25 19:35:13.825800,31.08,99.28,13.93,7334.70
2022-03-25 19:35:23.869139,31.01,99.28,13.33,7582.81
2022-03-25 19:35:33.912751,30.92,99.29,13.20,7791.46
2022-03-25 19:35:43.955984,30.79,99.28,13.53,7871.25
2022-03-25 19:35:53.984441,30.70,99.28,13.76,7848.29
2022-03-25 19:36:04.028014,30.69,99.28,13.57,7982.20
2022-03-25 19:36:14.071360,30.70,99.28,13.52,8084.15
2022-03-25 19:36:24.114628,30.64,99.28,13.50,8151.52
2022-03-25 19:36:34.142955,30.63,99.28,13.52,8341.08
2022-03-25 19:36:44.186449,30.62,99.28,13.31,8485.80
2022-03-25 19:36:54.229870,30.58,99.28,13.15,8608.00
2022-03-25 19:37:04.257765,30.54,99.28,13.89,8532.91
2022-03-25 19:37:14.301176,30.37,99.28,13.52,8642.57
2022-03-25 19:37:24.344714,30.34,99.28,12.91,8959.20
2022-03-25 19:37:34.387930,30.28,99.28,12.96,9141.89
2022-03-25 19:37:44.415910,30.32,99.28,13.17,9103.21
2022-03-25 19:37:54.459290,30.30,99.28,13.27,9080.17
2022-03-25 19:38:04.502438,30.32,99.28,13.20,9204.45
2022-03-25 19:38:14.545677,30.39,99.28,13.64,9042.02
2022-03-25 19:38:24.573665,30.42,99.28,13.71,8929.46
2022-03-25 19:38:34.617139,30.47,99.28,14.02,8762.21
2022-03-25 19:38:44.660255,30.41,99.28,13.85,8663.45
2022-03-25 19:38:54.703422,30.24,99.28,13.93,8614.89
2022-03-25 19:39:04.731454,30.08,99.28,13.54,8826.91
2022-03-25 19:39:14.774604,30.07,99.28,13.94,8805.24
2022-03-25 19:39:24.818032,30.04,99.28,14.09,8740.86
2022-03-25 19:39:34.846048,30.01,99.28,14.51,8532.91
2022-03-25 19:39:44.889154,29.99,99.28,14.55,8485.80
2022-03-25 19:39:54.932520,30.02,99.28,14.58,8386.59
2022-03-25 19:40:04.960667,30.05,99.28,15.07,8126.89
2022-03-25 19:40:15.004052,30.03,99.28,14.76,8078.08
2022-03-25 19:40:25.047031,29.97,99.28,14.37,8245.21
2022-03-25 19:40:35.090412,29.94,99.28,14.25,8296.07
2022-03-25 19:40:45.118504,29.95,99.28,14.38,8354.04
2022-03-25 19:40:55.162098,29.93,99.28,14.52,8321.73
2022-03-25 19:41:05.205206,30.01,99.29,14.93,8133.03
2022-03-25 19:41:15.248571,30.09,99.29,15.90,7741.01
2022-03-25 19:41:25.276948,30.18,99.29,16.33,7344.71
2022-03-25 19:41:35.320465,30.13,99.28,15.43,7344.71
2022-03-25 19:41:45.363669,30.18,99.28,15.44,7349.73
2022-03-25 19:41:55.391656,30.15,99.28,15.17,7436.08
2022-03-25 19:42:05.435133,30.26,99.28,15.23,7415.58
2022-03-25 19:42:15.478446,30.28,99.29,14.94,7456.69
2022-03-25 19:42:25.506378,30.31,99.28,15.27,7405.37
2022-03-25 19:42:35.549739,30.35,99.28,15.09,7294.92
2022-03-25 19:42:45.593355,30.43,99.28,15.22,7121.11
2022-03-25 19:42:55.636412,30.51,99.28,15.58,7009.77
2022-03-25 19:43:05.664828,30.58,99.28,15.94,6866.62
2022-03-25 19:43:15.707920,30.62,99.28,15.61,6919.61
2022-03-25 19:43:25.750974,30.58,99.28,14.66,7144.75
2022-03-25 19:43:35.794362,30.43,99.28,14.44,7359.78
2022-03-25 19:43:45.822660,30.35,99.28,14.61,7472.22
2022-03-25 19:43:55.865907,30.34,99.29,14.58,7582.81
2022-03-25 19:44:05.909386,30.36,99.28,15.10,7540.29
2022-03-25 19:44:15.937221,30.39,99.28,15.07,7508.72
2022-03-25 19:44:25.980666,30.23,99.28,14.14,7865.50
2022-03-25 19:44:36.024114,30.27,99.28,14.10,7946.82
2022-03-25 19:44:46.067222,30.32,99.28,14.54,7814.09
2022-03-25 19:44:56.095321,30.39,99.28,14.44,7900.15
2022-03-25 19:45:06.138691,30.41,99.28,14.29,7964.47
2022-03-25 19:45:16.182168,30.41,99.28,14.07,7994.06
2022-03-25 19:45:26.225575,30.41,99.28,13.93,8108.52
2022-03-25 19:45:36.253664,30.48,99.28,14.38,8065.97
2022-03-25 19:45:46.297205,30.54,99.28,15.02,7808.42
2022-03-25 19:45:56.340389,30.58,99.28,15.13,7702.22
2022-03-25 19:46:06.368761,30.67,99.27,15.66,7461.86
2022-03-25 19:46:16.412119,30.75,99.28,15.46,7289.97
2022-03-25 19:46:26.455290,30.79,99.28,14.77,7260.46
2022-03-25 19:46:36.498535,30.83,99.28,14.65,7255.56
2022-03-25 19:46:46.526795,30.83,99.27,14.00,7513.97
2022-03-25 19:46:56.570583,30.85,99.28,13.41,7825.46
2022-03-25 19:47:06.614027,30.88,99.28,13.34,7988.12
2022-03-25 19:47:16.657699,30.89,99.28,13.38,8035.85
2022-03-25 19:47:26.685748,30.88,99.28,14.05,7929.26
2022-03-25 19:47:36.729425,30.90,99.28,14.59,7802.76
2022-03-25 19:47:46.772583,30.90,99.28,13.94,7888.56
2022-03-25 19:47:56.800457,30.89,99.28,14.11,7877.01
2022-03-25 19:48:06.843897,30.86,99.28,13.74,8005.95
2022-03-25 19:48:16.887227,30.85,99.27,13.79,8053.89
2022-03-25 19:48:26.915131,30.80,99.27,13.35,8399.69
2022-03-25 19:48:36.958592,30.83,99.27,13.66,8373.54
2022-03-25 19:48:47.002031,30.84,99.27,14.05,8238.90
2022-03-25 19:48:57.045622,30.80,99.27,13.85,8302.47
2022-03-25 19:49:07.074021,30.75,99.27,13.86,8380.06
2022-03-25 19:49:17.117405,30.62,99.27,13.86,8479.12
2022-03-25 19:49:27.160829,30.54,99.27,13.26,8712.55
2022-03-25 19:49:37.204150,30.53,99.27,13.43,8812.45
2022-03-25 19:49:47.232191,30.46,99.27,13.69,8870.57
2022-03-25 19:49:57.275962,30.44,99.27,13.86,8951.75
2022-03-25 19:50:07.319451,30.60,99.27,14.77,8560.06
2022-03-25 19:50:17.347475,30.70,99.27,14.91,8341.08
2022-03-25 19:50:27.390982,30.81,99.27,15.02,8047.87
2022-03-25 19:50:37.434770,30.95,99.27,15.49,7658.36
2022-03-25 19:50:47.462745,31.03,99.28,15.51,7395.19
2022-03-25 19:50:57.506121,31.10,99.27,15.45,7178.12
2022-03-25 19:51:07.549899,31.16,99.27,15.07,7009.77
2022-03-25 19:51:17.593503,31.20,99.27,14.19,7116.40
2022-03-25 19:51:27.621519,31.29,99.27,14.78,6964.40
2022-03-25 19:51:37.664717,31.30,99.27,14.71,6897.44
2022-03-25 19:51:47.708103,31.31,99.27,15.05,6737.63
2022-03-25 19:51:57.751951,31.29,99.27,14.75,6716.60
2022-03-25 19:52:07.779933,31.40,99.27,14.59,6758.79
2022-03-25 19:52:17.823419,31.45,99.27,15.06,6691.54
2022-03-25 19:52:27.866655,31.45,99.27,14.91,6754.55
2022-03-25 19:52:37.894582,31.41,99.27,14.58,6788.64
2022-03-25 19:52:47.938173,31.45,99.27,14.17,7023.50
2022-03-25 19:52:57.981418,31.57,99.27,14.78,6910.73
2022-03-25 19:53:08.025011,31.64,99.27,15.08,6679.08
2022-03-25 19:53:18.053127,31.68,99.27,14.83,6637.88
2022-03-25 19:53:28.096868,31.71,99.27,14.55,6746.08
2022-03-25 19:53:38.140180,31.72,99.27,14.41,6849.14
2022-03-25 19:53:48.183601,31.76,99.27,14.40,6818.76
2022-03-25 19:53:58.211646,31.82,99.27,14.73,6893.02
2022-03-25 19:54:08.255580,31.91,99.27,14.41,6729.21
2022-03-25 19:54:18.299175,31.92,99.27,14.51,6699.88
2022-03-25 19:54:28.327894,31.84,99.27,14.11,7037.28
2022-03-25 19:54:38.371156,31.86,99.27,13.73,7216.63
2022-03-25 19:54:48.414515,31.91,99.27,13.97,7226.33
2022-03-25 19:54:58.442648,31.98,99.27,14.24,6964.40
2022-03-25 19:55:08.486244,32.07,99.27,14.52,7065.00
2022-03-25 19:55:18.529582,32.06,99.26,14.33,6910.73
2022-03-25 19:55:28.573042,32.13,99.27,14.38,6818.76
2022-03-25 19:55:38.601291,32.15,99.27,14.30,6991.55
2022-03-25 19:55:48.644383,32.08,99.26,13.85,6959.90
2022-03-25 19:55:58.687974,32.00,99.26,13.67,7285.04
2022-03-25 19:56:08.731072,31.82,99.26,13.31,7456.69
2022-03-25 19:56:18.759354,31.73,99.26,13.29,7636.62
2022-03-25 19:56:28.802886,31.71,99.26,13.31,7802.76
2022-03-25 19:56:38.846213,31.66,99.26,12.98,7988.12
2022-03-25 19:56:48.874496,31.44,99.26,12.72,8308.88
2022-03-25 19:56:58.918059,31.26,99.26,13.02,8426.00
2022-03-25 19:57:08.961280,31.26,99.26,13.44,8386.59
2022-03-25 19:57:18.989640,31.25,99.26,13.90,8270.56
2022-03-25 19:57:29.033086,31.34,99.25,14.24,8157.69
2022-03-25 19:57:39.076375,31.40,99.25,14.85,7894.35
2022-03-25 19:57:49.119947,31.44,99.25,14.34,7859.75
2022-03-25 19:57:59.163283,31.53,99.25,14.23,7831.15
2022-03-25 19:58:09.191503,31.54,99.25,13.61,7976.28
2022-03-25 19:58:19.234537,31.58,99.25,13.92,7859.75
2022-03-25 19:58:29.277942,31.63,99.25,14.09,7702.22
2022-03-25 19:58:39.306361,31.68,99.25,14.34,7529.74
2022-03-25 19:58:49.349699,31.67,99.25,14.23,7482.62
2022-03-25 19:58:59.393040,31.73,99.25,14.34,7354.75
2022-03-25 19:59:09.436530,31.79,99.25,14.52,7197.32
2022-03-25 19:59:19.464597,31.83,99.25,14.97,6977.95
2022-03-25 19:59:29.507991,31.94,99.25,15.50,6818.76
2022-03-25 19:59:39.551235,32.01,99.25,15.63,6509.38
2022-03-25 19:59:49.579210,32.09,99.25,15.50,6340.60
2022-03-25 19:59:59.623073,32.00,99.24,15.09,6478.02
2022-03-25 20:00:09.677919,31.60,99.25,13.85,6754.55
2022-03-25 20:00:19.709729,31.16,99.24,13.28,7197.32
2022-03-25 20:00:29.737845,31.22,99.24,13.22,7487.82
2022-03-25 20:00:39.781442,31.28,99.24,13.69,7604.24
2022-03-25 20:00:49.825064,31.38,99.24,14.04,7609.62
2022-03-25 20:00:59.853522,31.46,99.24,14.31,7430.94
2022-03-25 20:01:09.896588,31.55,99.24,14.58,7206.97
2022-03-25 20:01:19.940073,31.62,99.24,14.60,7202.14
2022-03-25 20:01:29.983679,31.68,99.24,14.21,7221.48
2022-03-25 20:01:40.011072,31.78,99.24,14.43,7069.65
2022-03-25 20:01:50.053497,31.85,99.24,14.37,6937.46
2022-03-25 20:02:00.096112,31.92,99.24,14.13,6901.86
2022-03-25 20:02:10.138401,31.91,99.24,14.44,6746.08
2022-03-25 20:02:20.181164,31.88,99.24,14.14,6897.44
2022-03-25 20:02:30.208579,31.91,99.24,13.85,7206.97
2022-03-25 20:02:40.251124,31.97,99.24,14.03,7107.00
2022-03-25 20:02:50.293826,32.01,99.24,14.01,7125.83
2022-03-25 20:03:00.336526,32.03,99.23,13.98,6964.40
2022-03-25 20:03:10.364074,32.07,99.24,14.07,6964.40
2022-03-25 20:03:20.406585,32.18,99.24,14.42,6754.55
2022-03-25 20:03:30.448998,32.24,99.24,14.61,6439.26
2022-03-25 20:03:40.491379,32.30,99.24,14.46,6443.11
2022-03-25 20:03:50.518973,32.34,99.23,14.35,6466.35
2022-03-25 20:04:00.561598,32.39,99.24,14.26,6497.58
2022-03-25 20:04:10.603992,32.42,99.24,14.22,6325.69
2022-03-25 20:04:20.646676,32.47,99.24,14.27,6274.05
2022-03-25 20:04:30.689069,32.48,99.23,13.95,6333.14
2022-03-25 20:04:40.716274,32.49,99.23,13.78,6340.60
2022-03-25 20:04:50.758737,32.54,99.24,14.59,6296.08
2022-03-25 20:05:00.801120,32.58,99.24,14.49,6166.19
2022-03-25 20:05:10.843687,32.60,99.24,14.45,6024.64
2022-03-25 20:05:20.886239,32.62,99.24,13.89,6201.73
2022-03-25 20:05:30.913797,32.65,99.24,13.67,6234.07
2022-03-25 20:05:40.956412,32.72,99.24,14.25,6089.42
2022-03-25 20:05:50.999231,32.79,99.24,14.13,6031.39
2022-03-25 20:06:01.041850,32.86,99.24,14.75,5860.57
2022-03-25 20:06:11.069256,32.75,99.24,14.43,5892.66
2022-03-25 20:06:21.111456,32.78,99.24,14.23,5938.19
2022-03-25 20:06:31.154103,32.80,99.24,13.91,6198.16
2022-03-25 20:06:41.196579,32.67,99.24,13.41,6385.76
2022-03-25 20:06:51.238881,32.40,99.24,13.48,6416.22
2022-03-25 20:07:01.266547,31.93,99.24,13.06,6704.05
2022-03-25 20:07:11.308705,31.59,99.24,12.89,7074.29
2022-03-25 20:07:21.351447,31.52,99.24,12.65,7472.22
2022-03-25 20:07:31.393960,31.56,99.23,12.77,7609.62
2022-03-25 20:07:41.436538,31.64,99.24,12.87,7768.95
2022-03-25 20:07:51.463942,31.65,99.23,12.82,7976.28
2022-03-25 20:08:01.506472,31.75,99.24,14.04,7696.71
2022-03-25 20:08:11.548969,31.76,99.24,13.84,7658.36
2022-03-25 20:08:21.591093,31.82,99.24,13.77,7604.24
2022-03-25 20:08:31.618451,31.81,99.24,13.34,7797.10
2022-03-25 20:08:41.660965,31.78,99.23,13.27,7894.35
2022-03-25 20:08:51.703454,31.59,99.23,12.84,8126.89
2022-03-25 20:09:01.745744,31.60,99.24,13.10,8145.34
2022-03-25 20:09:11.788235,31.49,99.23,12.59,8479.12
2022-03-25 20:09:21.815106,31.52,99.23,12.63,8553.26
2022-03-25 20:09:31.857744,31.54,99.23,13.28,8472.44
2022-03-25 20:09:41.900190,31.66,99.23,13.90,8170.08
2022-03-25 20:09:51.942848,31.78,99.23,14.04,7877.01
2022-03-25 20:10:01.985587,31.88,99.23,14.13,7556.18
2022-03-25 20:10:12.012732,31.99,99.23,14.67,7187.71
2022-03-25 20:10:22.055614,32.08,99.23,14.66,6840.43
2022-03-25 20:10:32.098059,32.13,99.23,14.25,6662.54
2022-03-25 20:10:42.140689,32.17,99.23,14.27,6501.51
2022-03-25 20:10:52.168069,32.16,99.23,14.11,6458.58
2022-03-25 20:11:02.210579,32.27,99.23,14.53,6303.46
2022-03-25 20:11:12.253451,32.31,99.22,14.41,6296.08
2022-03-25 20:11:22.295820,32.37,99.23,14.19,6292.40
2022-03-25 20:11:32.338332,32.44,99.23,14.14,6277.71
2022-03-25 20:11:42.380851,32.47,99.23,14.27,6333.14
2022-03-25 20:11:52.408055,32.48,99.23,14.20,6348.08
2022-03-25 20:12:02.450634,32.49,99.23,13.73,6541.03
2022-03-25 20:12:12.493034,32.52,99.23,13.65,6650.19
2022-03-25 20:12:22.535221,32.44,99.23,13.52,6797.22
2022-03-25 20:12:32.562564,32.40,99.22,13.41,6928.52
2022-03-25 20:12:42.605130,32.42,99.22,13.64,6906.29
2022-03-25 20:12:52.647700,32.43,99.23,13.68,6928.52
2022-03-25 20:13:02.690882,32.38,99.23,13.62,6946.42
2022-03-25 20:13:12.733408,32.35,99.23,13.66,6901.86
2022-03-25 20:13:22.761003,32.38,99.23,13.63,7107.00
2022-03-25 20:13:32.803706,32.42,99.23,13.72,7046.50
2022-03-25 20:13:42.846247,32.37,99.23,13.52,7140.01
2022-03-25 20:13:52.888965,32.30,99.23,13.48,7245.79
2022-03-25 20:14:02.916657,32.29,99.23,13.69,7182.91
2022-03-25 20:14:12.958728,32.34,99.23,13.93,7231.18
2022-03-25 20:14:23.001117,32.36,99.23,13.72,7168.55
2022-03-25 20:14:33.043578,32.41,99.23,13.86,7140.01
2022-03-25 20:14:43.070634,32.45,99.23,13.72,7149.50
2022-03-25 20:14:53.112642,32.41,99.22,13.36,7216.63
2022-03-25 20:15:03.155176,32.41,99.23,13.17,7339.70
2022-03-25 20:15:13.197959,32.30,99.22,13.29,7344.71
2022-03-25 20:15:23.240884,32.27,99.22,13.53,7028.09
2022-03-25 20:15:33.283475,32.31,99.23,13.59,7092.95
2022-03-25 20:15:43.310953,32.33,99.23,14.22,6928.52
2022-03-25 20:15:53.353583,32.33,99.23,14.36,6767.30
2022-03-25 20:16:03.396296,32.36,99.22,14.38,6737.63
2022-03-25 20:16:13.438418,32.42,99.23,14.68,6666.67
2022-03-25 20:16:23.465897,32.39,99.22,14.24,6737.63
2022-03-25 20:16:33.508821,32.36,99.22,13.90,6840.43
2022-03-25 20:16:43.551313,32.36,99.22,13.56,6955.40
2022-03-25 20:16:53.593769,32.34,99.22,13.61,7187.71
2022-03-25 20:17:03.621032,32.15,99.22,13.51,7294.92
2022-03-25 20:17:13.663568,32.06,99.22,13.49,7314.75
2022-03-25 20:17:23.705707,32.10,99.22,13.68,7324.71
2022-03-25 20:17:33.748188,31.99,99.22,13.67,7461.86
2022-03-25 20:17:43.790833,32.00,99.22,13.37,7420.69
2022-03-25 20:17:53.833296,31.99,99.22,13.76,7425.81
2022-03-25 20:18:03.860862,32.01,99.22,13.80,7593.51
2022-03-25 20:18:13.903283,32.05,99.22,13.97,7379.97
2022-03-25 20:18:23.945749,31.99,99.22,14.03,7498.26
2022-03-25 20:18:33.988062,32.00,99.22,13.82,7400.27
2022-03-25 20:18:44.015177,32.03,99.22,13.93,7593.51
2022-03-25 20:18:54.058035,32.04,99.22,13.82,7441.22
2022-03-25 20:19:04.100619,31.97,99.22,13.70,7498.26
2022-03-25 20:19:14.143010,32.00,99.22,13.42,7577.46
2022-03-25 20:19:24.185515,32.00,99.22,13.38,7609.62
2022-03-25 20:19:34.212697,32.05,99.22,13.49,7791.46
2022-03-25 20:19:44.255311,31.96,99.22,13.73,7625.80
2022-03-25 20:19:54.297436,31.84,99.22,13.61,7707.74
2022-03-25 20:20:04.340231,31.87,99.22,13.66,7707.74
2022-03-25 20:20:14.382818,31.89,99.22,13.79,7593.51
2022-03-25 20:20:24.410173,31.93,99.22,14.03,7566.81
2022-03-25 20:20:34.453050,31.97,99.22,14.00,7609.62
2022-03-25 20:20:44.495542,32.03,99.22,14.22,7524.48
2022-03-25 20:20:54.537970,32.06,99.22,14.26,7550.88
2022-03-25 20:21:04.565156,32.05,99.22,13.69,7707.74
2022-03-25 20:21:14.607569,32.07,99.22,13.52,7631.21
2022-03-25 20:21:24.650126,32.08,99.22,13.13,7994.06
2022-03-25 20:21:34.692715,32.13,99.22,13.23,7768.95
2022-03-25 20:21:44.735314,32.08,99.22,13.17,7831.15
2022-03-25 20:21:54.762501,32.09,99.22,12.38,8308.88
2022-03-25 20:22:04.805122,32.07,99.22,12.30,8580.54
2022-03-25 20:22:14.847285,32.06,99.21,12.55,8670.43
2022-03-25 20:22:24.889598,32.04,99.22,12.64,8740.86
2022-03-25 20:22:34.932267,32.00,99.22,13.03,8642.57
2022-03-25 20:22:44.959613,31.99,99.22,13.07,8635.63
2022-03-25 20:22:55.002100,31.91,99.22,12.91,8566.88
2022-03-25 20:23:05.044029,31.72,99.21,12.76,8712.55
2022-03-25 20:23:15.086278,31.60,99.22,13.04,8705.50
2022-03-25 20:23:25.113342,31.59,99.21,13.30,8553.26
2022-03-25 20:23:35.155632,31.43,99.21,12.94,8663.45
2022-03-25 20:23:45.198069,31.40,99.21,12.90,8805.24
2022-03-25 20:23:55.240677,31.33,99.21,12.41,9095.52
2022-03-25 20:24:05.283561,31.29,99.21,12.43,9275.86
2022-03-25 20:24:15.311118,31.29,99.21,12.56,9380.99
2022-03-25 20:24:25.353758,31.28,99.21,12.77,9397.38
2022-03-25 20:24:35.396240,31.28,99.21,13.17,9251.93
2022-03-25 20:24:45.438894,31.27,99.21,12.95,9380.99
2022-03-25 20:24:55.481090,31.29,99.20,12.90,9299.91
2022-03-25 20:25:05.508013,31.33,99.21,13.25,9141.89
2022-03-25 20:25:15.550485,31.38,99.21,13.37,8981.64
2022-03-25 20:25:25.592537,31.42,99.20,13.19,8944.31
2022-03-25 20:25:35.635052,31.39,99.21,13.18,8944.31
2022-03-25 20:25:45.662636,31.40,99.20,12.85,9173.06
2022-03-25 20:25:55.705142,31.39,99.20,12.75,9180.89
2022-03-25 20:26:05.747582,31.42,99.20,13.06,9042.02
2022-03-25 20:26:15.790484,31.39,99.20,12.99,8907.29
2022-03-25 20:26:25.832783,31.35,99.20,13.19,8863.26
2022-03-25 20:26:35.875453,31.04,99.20,13.00,9034.42
2022-03-25 20:26:45.902879,31.07,99.20,13.23,9004.18
2022-03-25 20:26:55.945236,31.06,99.20,13.90,8892.56
2022-03-25 20:27:05.987538,30.93,99.20,13.93,8863.26
2022-03-25 20:27:16.030091,30.95,99.19,13.90,8783.67
2022-03-25 20:27:26.057821,31.00,99.19,14.43,8594.25
2022-03-25 20:27:36.100206,31.11,99.19,14.99,8245.21
2022-03-25 20:27:46.142697,31.25,99.19,15.38,7882.78
2022-03-25 20:27:56.185295,31.34,99.20,15.36,7631.21
2022-03-25 20:28:06.212597,31.41,99.20,15.04,7561.49
2022-03-25 20:28:16.255619,31.40,99.20,14.57,7582.81
2022-03-25 20:28:26.297960,31.48,99.20,14.49,7545.58
2022-03-25 20:28:36.340348,31.56,99.20,14.69,7405.37
2022-03-25 20:28:46.382615,31.52,99.20,14.27,7420.69
2022-03-25 20:28:56.410011,31.50,99.19,13.70,7631.21
2022-03-25 20:29:06.452538,31.54,99.19,13.49,7763.35
2022-03-25 20:29:16.495032,31.60,99.20,13.98,7593.51
2022-03-25 20:29:26.537357,31.67,99.19,14.42,7477.42
2022-03-25 20:29:36.564707,31.72,99.19,14.15,7405.37
2022-03-25 20:29:46.607428,31.76,99.19,13.97,7395.19
2022-03-25 20:29:56.649833,31.78,99.19,13.89,7425.81
2022-03-25 20:30:06.692628,31.79,99.19,13.18,7658.36
2022-03-25 20:30:16.734939,31.65,99.19,13.15,7859.75
2022-03-25 20:30:26.762405,31.67,99.19,12.64,8157.69
2022-03-25 20:30:36.805307,31.69,99.19,12.64,8334.62
2022-03-25 20:30:46.847820,31.74,99.19,12.90,8386.59
2022-03-25 20:30:56.890258,31.78,99.19,13.25,8308.88
2022-03-25 20:31:06.932949,31.83,99.19,13.49,8072.02
2022-03-25 20:31:33.625098,31.96,99.19,14.19,11035.90
2022-03-25 20:31:43.671657,31.95,99.19,14.01,8560.06
2022-03-25 20:31:53.715925,32.03,99.19,14.59,7940.96
2022-03-25 20:32:03.744012,32.06,99.19,14.45,7836.85
2022-03-25 20:32:13.787794,32.07,99.19,14.20,7814.09
2022-03-25 20:32:23.830818,32.12,99.19,14.24,7598.87
2022-03-25 20:32:33.874132,32.15,99.19,14.54,7304.82
2022-03-25 20:32:43.902305,32.09,99.19,14.46,7226.33
2022-03-25 20:32:53.945632,32.10,99.19,14.40,7289.97
2022-03-25 20:33:03.989041,32.08,99.19,14.29,7260.46
2022-03-25 20:33:14.017240,32.11,99.19,14.18,7385.04
2022-03-25 20:33:24.060356,32.19,99.19,14.52,7289.97
2022-03-25 20:33:34.103497,32.26,99.19,14.60,7182.91
2022-03-25 20:33:44.147107,32.38,99.20,15.00,6866.62
2022-03-25 20:33:54.175417,32.49,99.19,15.52,6521.21
2022-03-25 20:34:04.218921,32.53,99.20,15.15,6370.63
2022-03-25 20:34:14.262167,32.56,99.20,14.84,6259.45
2022-03-25 20:34:24.306147,32.60,99.19,15.39,6176.81
2022-03-25 20:34:34.334288,32.74,99.19,15.77,5860.57
2022-03-25 20:34:44.377648,32.82,99.19,15.48,5784.95
2022-03-25 20:34:54.421204,32.82,99.19,14.28,5912.09
2022-03-25 20:35:04.464490,32.81,99.19,13.54,6145.06
2022-03-25 20:35:14.493009,32.82,99.19,13.72,6155.61
2022-03-25 20:35:24.536187,32.87,99.19,13.90,6180.36
2022-03-25 20:35:34.579466,32.89,99.19,14.31,6145.06
2022-03-25 20:35:44.607735,32.81,99.19,14.03,6148.57
2022-03-25 20:35:54.651376,32.80,99.19,13.97,6201.73
2022-03-25 20:36:04.694539,32.88,99.19,14.75,6028.01
2022-03-25 20:36:14.737860,32.89,99.19,14.68,5957.92
2022-03-25 20:36:24.766027,32.95,99.19,14.34,5991.09
2022-03-25 20:36:34.809314,33.01,99.19,14.39,5892.66
2022-03-25 20:36:44.852795,33.06,99.19,14.33,5879.78
2022-03-25 20:36:54.896253,33.03,99.19,14.45,5879.78
2022-03-25 20:37:04.924655,32.88,99.19,14.01,6075.66
2022-03-25 20:37:14.968011,32.78,99.19,13.13,6370.63
2022-03-25 20:37:25.011304,32.66,99.19,13.37,6549.00
2022-03-25 20:37:35.039586,32.56,99.19,12.84,6823.08
2022-03-25 20:37:45.082713,32.58,99.19,13.41,6853.50
2022-03-25 20:37:55.125990,32.54,99.19,13.68,6840.43
2022-03-25 20:38:05.169533,32.50,99.19,13.85,6888.60
2022-03-25 20:38:15.213048,32.52,99.19,13.91,6919.61
2022-03-25 20:38:25.241695,32.61,99.19,14.38,6750.31
2022-03-25 20:38:35.285308,32.70,99.19,14.80,6525.17
2022-03-25 20:38:45.328289,32.74,99.19,13.87,6573.00
2022-03-25 20:38:55.356687,32.77,99.19,13.55,6646.08
2022-03-25 20:39:05.400149,32.81,99.18,13.66,6597.18
2022-03-25 20:39:15.443723,32.84,99.19,13.73,6549.00
2022-03-25 20:39:25.487267,32.87,99.19,13.48,6585.07
2022-03-25 20:39:35.515587,32.78,99.18,13.39,6605.28
2022-03-25 20:39:45.558654,32.63,99.19,13.13,6849.14
2022-03-25 20:39:55.602108,32.57,99.19,13.19,7041.88
2022-03-25 20:40:05.630537,32.44,99.19,13.33,7130.55
2022-03-25 20:40:15.674262,32.49,99.19,13.14,7324.71
2022-03-25 20:40:25.717653,32.28,99.19,13.32,7236.05
2022-03-25 20:40:35.760950,32.03,99.18,13.10,7344.71
2022-03-25 20:40:45.789117,32.01,99.18,13.27,7550.88
2022-03-25 20:40:55.832510,32.13,99.19,13.86,7294.92
2022-03-25 20:41:05.876070,32.21,99.19,13.97,7130.55
2022-03-25 20:41:15.919479,32.24,99.18,13.67,7178.12
2022-03-25 20:41:25.947674,32.31,99.19,13.61,7083.61
2022-03-25 20:41:35.991091,32.36,99.19,13.56,7107.00
2022-03-25 20:41:46.034639,32.39,99.19,13.35,7206.97
2022-03-25 20:41:56.063078,32.45,99.19,13.51,7041.88
2022-03-25 20:42:06.106682,32.52,99.19,13.81,6836.09
2022-03-25 20:42:16.150244,32.56,99.18,14.10,6646.08
2022-03-25 20:42:26.193823,32.62,99.19,14.06,6549.00
2022-03-25 20:42:36.222040,32.55,99.19,14.24,6423.88
2022-03-25 20:42:46.265660,32.62,99.19,14.19,6325.69
2022-03-25 20:42:56.308972,32.69,99.19,13.93,6374.41
2022-03-25 20:43:06.352453,32.69,99.19,14.10,6381.97
2022-03-25 20:43:16.380668,32.75,99.18,13.90,6493.66
2022-03-25 20:43:26.424164,32.71,99.19,13.68,6637.88
2022-03-25 20:43:36.467488,32.76,99.18,13.70,6621.54
2022-03-25 20:43:46.495677,32.81,99.18,13.54,6662.54
2022-03-25 20:43:56.539434,32.85,99.18,13.41,6683.23
2022-03-25 20:44:06.582749,32.86,99.18,13.47,6585.07
2022-03-25 20:44:16.611105,32.82,99.18,13.38,6621.54
2022-03-25 20:44:26.654925,32.86,99.19,13.42,6637.88
2022-03-25 20:44:36.698347,32.88,99.18,13.60,6613.40
2022-03-25 20:44:46.741898,32.91,99.18,13.65,6549.00
