dateTime,temperature,pressure,humidity,altitude
2022-03-25 19:09:33.458620,25.48,99222.00,14.00,176.55
2022-03-25 19:09:43.490114,25.48,99223.00,14.00,176.46
2022-03-25 19:09:53.506412,25.51,99224.00,14.00,176.38
2022-03-25 19:10:03.538061,25.54,99219.00,14.00,176.80
2022-03-25 19:10:13.569721,25.55,99224.00,14.00,176.38
2022-03-25 19:10:23.585975,25.56,99221.00,14.00,176.63
2022-03-25 19:10:33.602378,25.58,99219.00,14.00,176.80
2022-03-25 19:10:43.634052,25.56,99216.00,14.00,177.06
2022-03-25 19:10:53.650384,25.57,99220.00,14.00,176.72
2022-03-25 19:11:03.682073,25.57,99216.00,14.00,177.06
2022-03-25 19:11:13.698651,25.56,99216.00,14.00,177.06
2022-03-25 19:11:23.730007,25.56,99215.00,14.00,177.14
2022-03-25 19:11:33.746156,25.56,99216.00,14.00,177.06
2022-03-25 19:11:43.777763,25.60,99219.00,14.00,176.80
2022-03-25 19:11:53.794425,25.62,99218.00,14.00,176.89
2022-03-25 19:12:03.825985,25.65,99219.00,14.00,176.80
2022-03-25 19:12:13.842350,25.67,99217.00,14.00,176.97
2022-03-25 19:12:23.874061,25.69,99215.00,14.00,177.14
2022-03-25 19:12:33.905499,25.69,99217.00,14.00,176.97
2022-03-25 19:12:43.921704,25.70,99217.00,14.00,176.97
2022-03-25 19:12:53.938038,25.73,99214.00,14.00,177.23
2022-03-25 19:13:03.969716,25.75,99215.00,14.00,177.14
2022-03-25 19:13:13.985884,25.76,99217.00,14.00,176.97
2022-03-25 19:13:24.017408,25.79,99218.00,14.00,176.89
2022-03-25 19:13:34.033791,25.81,99217.00,14.00,176.97
2022-03-25 19:13:44.065631,25.82,99216.00,14.00,177.06
2022-03-25 19:13:54.081773,25.84,99218.00,14.00,176.89
2022-03-25 19:14:04.113447,25.85,99218.00,14.00,176.89
2022-03-25 19:14:14.145056,25.86,99218.00,14.00,176.89
2022-03-25 19:14:24.161628,25.87,99218.00,14.00,176.89
2022-03-25 19:14:34.193061,25.85,99216.00,14.00,177.06
2022-03-25 19:14:44.209374,25.85,99218.00,14.00,176.89
2022-03-25 19:14:54.240945,25.84,99217.00,14.00,176.97
2022-03-25 19:15:04.257675,25.84,99219.00,14.00,176.80
2022-03-25 19:15:14.273640,25.82,99216.00,14.00,177.06
2022-03-25 19:15:24.305238,25.80,99216.00,14.00,177.06
2022-03-25 19:15:34.321497,25.81,99214.00,14.00,177.23
2022-03-25 19:15:44.352934,25.80,99212.00,14.00,177.39
2022-03-25 19:15:54.369386,25.79,99217.00,14.00,176.97
2022-03-25 19:16:04.401007,25.77,99214.00,14.00,177.23
2022-03-25 19:16:14.417467,25.78,99214.00,14.00,177.23
2022-03-25 19:16:24.449265,25.77,99214.00,14.00,177.23
2022-03-25 19:16:34.465524,25.77,99213.00,14.00,177.31
2022-03-25 19:16:44.497238,25.76,99214.00,14.00,177.23
2022-03-25 19:16:54.528929,25.76,99212.00,14.00,177.39
2022-03-25 19:17:04.545451,25.77,99212.00,14.00,177.39
2022-03-25 19:17:14.576777,25.78,99212.00,14.00,177.39
2022-03-25 19:17:24.593304,25.78,99214.00,14.00,177.23
2022-03-25 19:17:34.609397,25.79,99214.00,14.00,177.23
2022-03-25 19:17:44.641230,25.79,99209.00,14.00,177.65
2022-03-25 19:17:54.657713,25.81,99212.00,14.00,177.39
2022-03-25 19:18:04.688987,25.82,99211.00,14.00,177.48
2022-03-25 19:18:14.705343,25.82,99211.00,14.00,177.48
2022-03-25 19:18:24.736945,25.81,99210.00,14.00,177.57
2022-03-25 19:18:34.753535,25.81,99209.00,14.00,177.65
2022-03-25 19:18:44.785001,25.79,99206.00,14.00,177.90
2022-03-25 19:18:54.816689,25.75,99206.00,14.00,177.90
2022-03-25 19:19:04.833063,25.69,99207.00,14.00,177.82
2022-03-25 19:19:14.849446,25.70,99205.00,14.00,177.99
2022-03-25 19:19:24.880895,25.70,99204.00,14.00,178.07
2022-03-25 19:19:34.897304,25.71,99204.00,14.00,178.07
2022-03-25 19:19:44.928847,25.73,99204.00,14.00,178.07
2022-03-25 19:19:54.945306,25.73,99202.00,14.00,178.24
2022-03-25 19:20:04.976834,25.74,99202.00,14.00,178.24
2022-03-25 19:20:14.993550,25.76,99204.00,14.00,178.07
2022-03-25 19:20:25.024826,25.78,99205.00,14.00,177.99
2022-03-25 19:20:35.041052,25.79,99205.00,14.00,177.99
2022-03-25 19:20:45.072858,25.81,99209.00,14.00,177.65
2022-03-25 19:20:55.089057,25.81,99207.00,14.00,177.82
2022-03-25 19:21:05.120698,25.81,99202.00,14.00,178.24
2022-03-25 19:21:15.152154,25.82,99204.00,14.00,178.07
2022-03-25 19:21:25.168642,25.81,99205.00,14.00,177.99
2022-03-25 19:21:35.184974,25.82,99207.00,14.00,177.82
2022-03-25 19:21:45.216557,25.83,99205.00,14.00,177.99
2022-03-25 19:21:55.232787,25.83,99202.00,14.00,178.24
2022-03-25 19:22:05.264670,25.82,99201.00,14.00,178.33
2022-03-25 19:22:15.280850,25.82,99198.00,14.00,178.58
2022-03-25 19:22:25.312652,25.82,99196.00,14.00,178.75
2022-03-25 19:22:35.328844,25.83,99201.00,14.00,178.33
2022-03-25 19:22:45.360497,25.84,99199.00,14.00,178.50
2022-03-25 19:22:55.376860,25.86,99202.00,14.00,178.24
2022-03-25 19:23:05.408863,25.87,99198.00,14.00,178.58
2022-03-25 19:23:15.424812,25.88,99199.00,14.00,178.50
2022-03-25 19:23:25.456411,25.87,99202.00,14.00,178.24
2022-03-25 19:23:35.472716,25.85,99197.00,14.00,178.67
2022-03-25 19:23:45.504196,25.86,99202.00,14.00,178.24
2022-03-25 19:23:55.520516,25.84,99201.00,14.00,178.33
2022-03-25 19:24:05.552304,25.85,99196.00,14.00,178.75
2022-03-25 19:24:15.568504,25.85,99199.00,14.00,178.50
2022-03-25 19:24:25.600329,25.85,99197.00,14.00,178.67
2022-03-25 19:24:35.616579,25.84,99199.00,14.00,178.50
2022-03-25 19:24:45.648163,25.83,99203.00,14.00,178.16
2022-03-25 19:24:55.679724,25.82,99197.00,14.00,178.67
2022-03-25 19:25:05.696094,25.83,99199.00,14.00,178.50
2022-03-25 19:25:15.727709,25.81,99196.00,14.00,178.75
2022-03-25 19:25:25.744078,25.79,99198.00,14.00,178.58
2022-03-25 19:25:35.775715,25.79,99197.00,14.00,178.67
2022-03-25 19:25:45.792161,25.78,99196.00,14.00,178.75
2022-03-25 19:25:55.823617,25.77,99196.00,14.00,178.75
2022-03-25 19:26:05.839982,25.77,99201.00,14.00,178.33
2022-03-25 19:26:15.871649,25.77,99195.00,14.00,178.83
2022-03-25 19:26:25.888067,25.76,99196.00,14.00,178.75
2022-03-25 19:26:35.904076,25.75,99197.00,14.00,178.67
2022-03-25 19:26:45.935632,25.75,99194.00,14.00,178.92
2022-03-25 19:26:55.967271,25.74,99195.00,14.00,178.83
2022-03-25 19:27:05.983661,25.73,99194.00,14.00,178.92
2022-03-25 19:27:16.015282,25.74,99195.00,14.00,178.83
2022-03-25 19:27:26.031624,25.74,99196.00,14.00,178.75
2022-03-25 19:27:36.063309,25.73,99196.00,14.00,178.75
2022-03-25 19:27:46.079690,25.74,99195.00,14.00,178.83
2022-03-25 19:27:56.111330,25.74,99196.00,14.00,178.75
2022-03-25 19:28:06.127895,25.74,99195.00,14.00,178.83
2022-03-25 19:28:16.159490,25.74,99196.00,14.00,178.75
2022-03-25 19:28:26.175848,25.74,99196.00,14.00,178.75
2022-03-25 19:28:36.192307,25.73,99196.00,14.00,178.75
2022-03-25 19:28:46.223846,25.73,99199.00,14.00,178.50
2022-03-25 19:28:56.255243,25.73,99198.00,14.00,178.58
2022-03-25 19:29:06.271575,25.73,99194.00,14.00,178.92
2022-03-25 19:29:16.303370,25.74,99195.00,14.00,178.83
2022-03-25 19:29:26.319899,25.74,99194.00,14.00,178.92
2022-03-25 19:29:36.351410,25.75,99195.00,14.00,178.83
2022-03-25 19:29:46.367849,25.75,99196.00,14.00,178.75
2022-03-25 19:29:56.399367,25.76,99196.00,14.00,178.75
2022-03-25 19:30:06.415891,25.77,99195.00,14.00,178.83
2022-03-25 19:30:16.447408,25.76,99194.00,14.00,178.92
2022-03-25 19:30:26.463888,25.77,99196.00,14.00,178.75
2022-03-25 19:30:36.495600,25.76,99198.00,14.00,178.58
2022-03-25 19:30:46.511904,25.77,99193.00,14.00,179.00
2022-03-25 19:30:56.528423,25.77,99193.00,14.00,179.00
2022-03-25 19:31:06.559920,25.77,99196.00,14.00,178.75
2022-03-25 19:31:16.591310,25.78,99195.00,14.00,178.83
2022-03-25 19:31:26.607739,25.77,99197.00,14.00,178.67
2022-03-25 19:31:36.639425,25.73,99196.00,14.00,178.75
2022-03-25 19:31:46.655732,25.68,99195.00,14.00,178.83
2022-03-25 19:31:56.687541,25.62,99193.00,14.00,179.00
2022-03-25 19:32:06.703885,25.61,99193.00,16.00,179.00
2022-03-25 19:32:16.735475,25.63,99195.00,15.00,178.83
2022-03-25 19:32:26.751728,25.64,99195.00,16.00,178.83
2022-03-25 19:32:36.783424,25.62,99197.00,15.00,178.67
2022-03-25 19:32:46.799829,25.62,99197.00,16.00,178.67
2022-03-25 19:32:56.831552,25.62,99198.00,15.00,178.58
2022-03-25 19:33:06.847881,25.60,99195.00,15.00,178.83
2022-03-25 19:33:16.879636,25.55,99196.00,14.00,178.75
2022-03-25 19:33:26.896052,25.54,99195.00,14.00,178.83
2022-03-25 19:33:36.927875,25.52,99194.00,14.00,178.92
2022-03-25 19:33:46.944238,25.50,99191.00,14.00,179.17
2022-03-25 19:33:56.975976,25.49,99194.00,14.00,178.92
2022-03-25 19:34:06.992292,25.47,99193.00,14.00,179.00
2022-03-25 19:34:17.023592,25.42,99191.00,14.00,179.17
2022-03-25 19:34:27.040063,25.43,99192.00,14.00,179.09
2022-03-25 19:34:37.071649,25.41,99189.00,14.00,179.34
2022-03-25 19:34:47.088119,25.38,99193.00,14.00,179.00
2022-03-25 19:34:57.119559,25.39,99191.00,14.00,179.17
2022-03-25 19:35:07.136031,25.39,99192.00,15.00,179.09
2022-03-25 19:35:17.167418,25.42,99191.00,15.00,179.17
2022-03-25 19:35:27.183681,25.44,99189.00,15.00,179.34
2022-03-25 19:35:37.215420,25.42,99191.00,15.00,179.17
2022-03-25 19:35:47.231677,25.44,99191.00,15.00,179.17
2022-03-25 19:35:57.263389,25.41,99188.00,15.00,179.43
2022-03-25 19:36:07.279839,25.38,99190.00,15.00,179.26
2022-03-25 19:36:17.311501,25.35,99191.00,15.00,179.17
2022-03-25 19:36:27.327688,25.35,99189.00,15.00,179.34
2022-03-25 19:36:37.359378,25.33,99191.00,15.00,179.17
2022-03-25 19:36:47.375921,25.36,99188.00,15.00,179.43
2022-03-25 19:36:57.407347,25.38,99188.00,15.00,179.43
2022-03-25 19:37:07.423628,25.40,99192.00,15.00,179.09
2022-03-25 19:37:17.455348,25.42,99189.00,15.00,179.34
2022-03-25 19:37:27.471771,25.41,99191.00,15.00,179.17
2022-03-25 19:37:37.503280,25.39,99191.00,15.00,179.17
2022-03-25 19:37:47.519828,25.43,99189.00,15.00,179.34
2022-03-25 19:37:57.551185,25.46,99192.00,15.00,179.09
2022-03-25 19:38:07.567431,25.48,99190.00,15.00,179.26
2022-03-25 19:38:17.599008,25.46,99188.00,15.00,179.43
2022-03-25 19:38:27.615270,25.47,99190.00,15.00,179.26
2022-03-25 19:38:37.647096,25.46,99191.00,15.00,179.17
2022-03-25 19:38:47.663480,25.51,99191.00,14.00,179.17
2022-03-25 19:38:57.694890,25.51,99191.00,14.00,179.17
2022-03-25 19:39:07.711185,25.49,99192.00,14.00,179.09
2022-03-25 19:39:17.742918,25.49,99192.00,15.00,179.09
2022-03-25 19:39:27.759261,25.52,99192.00,15.00,179.09
2022-03-25 19:39:37.790963,25.50,99188.00,15.00,179.43
2022-03-25 19:39:47.807274,25.53,99190.00,15.00,179.26
2022-03-25 19:39:57.838993,25.54,99188.00,15.00,179.43
2022-03-25 19:40:07.855264,25.51,99190.00,15.00,179.26
2022-03-25 19:40:17.886766,25.53,99190.00,15.00,179.26
2022-03-25 19:40:27.903004,25.50,99187.00,15.00,179.51
2022-03-25 19:40:37.934994,25.51,99191.00,15.00,179.17
2022-03-25 19:40:47.951257,25.49,99190.00,15.00,179.26
2022-03-25 19:40:57.983021,25.50,99188.00,15.00,179.43
2022-03-25 19:41:07.999494,25.50,99189.00,15.00,179.34
2022-03-25 19:41:18.030817,25.51,99187.00,15.00,179.51
2022-03-25 19:41:28.047204,25.46,99192.00,15.00,179.09
2022-03-25 19:41:38.078985,25.42,99188.00,15.00,179.43
2022-03-25 19:41:48.095358,25.44,99190.00,15.00,179.26
2022-03-25 19:41:58.127053,25.47,99189.00,15.00,179.34
2022-03-25 19:42:08.143437,25.52,99187.00,15.00,179.51
2022-03-25 19:42:18.175022,25.56,99191.00,15.00,179.17
2022-03-25 19:42:28.191386,25.56,99186.00,15.00,179.60
2022-03-25 19:42:38.223117,25.56,99188.00,15.00,179.43
2022-03-25 19:42:48.239608,25.56,99187.00,15.00,179.51
2022-03-25 19:42:58.271298,25.55,99186.00,15.00,179.60
2022-03-25 19:43:08.287694,25.58,99185.00,15.00,179.68
2022-03-25 19:43:18.319212,25.58,99186.00,14.00,179.60
2022-03-25 19:43:28.335658,25.59,99184.00,14.00,179.77
2022-03-25 19:43:38.367194,25.61,99183.00,15.00,179.85
2022-03-25 19:43:48.383644,25.60,99183.00,15.00,179.85
2022-03-25 19:43:58.415339,25.60,99183.00,15.00,179.85
2022-03-25 19:44:08.431666,25.59,99182.00,14.00,179.94
2022-03-25 19:44:18.463009,25.57,99184.00,14.00,179.77
2022-03-25 19:44:28.479537,25.54,99184.00,14.00,179.77
2022-03-25 19:44:38.511238,25.52,99181.00,14.00,180.02
2022-03-25 19:44:48.527528,25.50,99181.00,14.00,180.02
2022-03-25 19:44:58.559258,25.50,99181.00,14.00,180.02
2022-03-25 19:45:08.575778,25.51,99180.00,14.00,180.11
2022-03-25 19:45:18.607246,25.52,99182.00,14.00,179.94
2022-03-25 19:45:28.623736,25.53,99183.00,14.00,179.85
2022-03-25 19:45:38.655254,25.55,99182.00,14.00,179.94
2022-03-25 19:45:48.671466,25.56,99177.00,14.00,180.36
2022-03-25 19:45:58.703170,25.58,99178.00,14.00,180.27
2022-03-25 19:46:08.719509,25.58,99179.00,14.00,180.19
2022-03-25 19:46:18.751274,25.56,99177.00,14.00,180.36
2022-03-25 19:46:28.767738,25.56,99177.00,14.00,180.36
2022-03-25 19:46:38.799620,25.57,99178.00,14.00,180.27
2022-03-25 19:46:48.815938,25.55,99179.00,14.00,180.19
2022-03-25 19:46:58.847488,25.56,99173.00,14.00,180.70
2022-03-25 19:47:08.863860,25.60,99175.00,14.00,180.53
2022-03-25 19:47:18.895586,25.63,99173.00,14.00,180.70
2022-03-25 19:47:28.912129,25.63,99173.00,14.00,180.70
2022-03-25 19:47:38.943651,25.65,99173.00,14.00,180.70
2022-03-25 19:47:48.959865,25.68,99171.00,14.00,180.87
2022-03-25 19:47:58.991582,25.67,99174.00,14.00,180.61
2022-03-25 19:48:09.007977,25.68,99172.00,15.00,180.78
2022-03-25 19:48:19.039514,25.64,99173.00,14.00,180.70
2022-03-25 19:48:29.055975,25.61,99174.00,14.00,180.61
2022-03-25 19:48:39.087658,25.54,99173.00,14.00,180.70
2022-03-25 19:48:49.103844,25.49,99172.00,14.00,180.78
2022-03-25 19:48:59.135454,25.44,99170.00,14.00,180.95
2022-03-25 19:49:09.151727,25.42,99170.00,14.00,180.95
2022-03-25 19:49:19.183339,25.42,99172.00,15.00,180.78
2022-03-25 19:49:29.199620,25.45,99174.00,15.00,180.61
2022-03-25 19:49:39.231342,25.47,99172.00,15.00,180.78
2022-03-25 19:49:49.247694,25.50,99171.00,15.00,180.87
2022-03-25 19:49:59.279301,25.55,99174.00,15.00,180.61
2022-03-25 19:50:09.295478,25.59,99172.00,15.00,180.78
2022-03-25 19:50:19.327067,25.63,99171.00,15.00,180.87
2022-03-25 19:50:29.343327,25.64,99173.00,15.00,180.70
2022-03-25 19:50:39.375008,25.64,99173.00,15.00,180.70
2022-03-25 19:50:49.391229,25.67,99172.00,15.00,180.78
2022-03-25 19:50:59.422986,25.67,99171.00,14.00,180.87
2022-03-25 19:51:09.439579,25.67,99170.00,14.00,180.95
2022-03-25 19:51:19.470764,25.68,99171.00,15.00,180.87
2022-03-25 19:51:29.487041,25.71,99168.00,15.00,181.12
2022-03-25 19:51:39.518637,25.76,99168.00,15.00,181.12
2022-03-25 19:51:49.534967,25.79,99171.00,14.00,180.87
2022-03-25 19:51:59.566678,25.82,99169.00,14.00,181.04
2022-03-25 19:52:09.583017,25.83,99170.00,14.00,180.95
2022-03-25 19:52:19.614855,25.85,99170.00,14.00,180.95
2022-03-25 19:52:29.631256,25.85,99171.00,14.00,180.87
2022-03-25 19:52:39.662819,25.81,99166.00,14.00,181.29
2022-03-25 19:52:49.679422,25.76,99168.00,14.00,181.12
2022-03-25 19:52:59.711040,25.78,99167.00,14.00,181.21
2022-03-25 19:53:09.727237,25.80,99170.00,14.00,180.95
2022-03-25 19:53:19.758877,25.81,99169.00,14.00,181.04
2022-03-25 19:53:29.775190,25.83,99167.00,14.00,181.21
2022-03-25 19:53:39.806789,25.86,99164.00,14.00,181.46
2022-03-25 19:53:49.823424,25.87,99163.00,15.00,181.55
2022-03-25 19:53:59.854676,25.86,99163.00,15.00,181.55
2022-03-25 19:54:09.870966,25.91,99164.00,15.00,181.46
2022-03-25 19:54:19.902654,25.90,99164.00,15.00,181.46
2022-03-25 19:54:29.918981,25.90,99165.00,15.00,181.38
2022-03-25 19:54:39.950660,25.93,99167.00,14.00,181.21
2022-03-25 19:54:49.967127,25.95,99169.00,14.00,181.04
2022-03-25 19:54:59.998514,25.95,99167.00,15.00,181.21
2022-03-25 19:55:10.014798,25.94,99168.00,15.00,181.12
2022-03-25 19:55:20.046377,25.95,99171.00,15.00,180.87
2022-03-25 19:55:30.062626,25.96,99170.00,15.00,180.95
2022-03-25 19:55:40.094258,25.98,99169.00,15.00,181.04
2022-03-25 19:55:50.110674,25.99,99169.00,15.00,181.04
2022-03-25 19:56:00.142314,25.97,99171.00,16.00,180.87
2022-03-25 19:56:10.158643,25.97,99172.00,16.00,180.78
2022-03-25 19:56:20.190274,25.99,99170.00,16.00,180.95
2022-03-25 19:56:30.206618,25.99,99172.00,16.00,180.78
2022-03-25 19:56:40.238285,26.01,99172.00,16.00,180.78
2022-03-25 19:56:50.254589,26.02,99172.00,16.00,180.78
2022-03-25 19:57:00.286210,26.03,99170.00,16.00,180.95
2022-03-25 19:57:10.302486,26.07,99173.00,15.00,180.70
2022-03-25 19:57:20.334342,26.09,99172.00,15.00,180.78
2022-03-25 19:57:30.350777,26.11,99172.00,15.00,180.78
2022-03-25 19:57:40.382718,26.13,99172.00,14.00,180.78
2022-03-25 19:57:50.414269,26.15,99173.00,14.00,180.70
2022-03-25 19:58:00.430519,26.17,99171.00,15.00,180.87
2022-03-25 19:58:10.462201,26.18,99173.00,15.00,180.70
2022-03-25 19:58:20.478728,26.19,99171.00,15.00,180.87
2022-03-25 19:58:30.510181,26.21,99170.00,15.00,180.95
2022-03-25 19:58:40.526513,26.24,99175.00,15.00,180.53
2022-03-25 19:58:50.558124,26.24,99174.00,15.00,180.61
2022-03-25 19:59:00.574533,26.25,99173.00,15.00,180.70
2022-03-25 19:59:10.606239,26.23,99175.00,15.00,180.53
2022-03-25 19:59:20.622729,26.12,99174.00,14.00,180.61
2022-03-25 19:59:30.654356,26.11,99172.00,15.00,180.78
2022-03-25 19:59:40.670707,26.12,99170.00,15.00,180.95
2022-03-25 19:59:50.702494,26.12,99170.00,14.00,180.95
2022-03-25 20:00:00.718882,26.14,99169.00,14.00,181.04
2022-03-25 20:00:10.750234,26.12,99172.00,14.00,180.78
2022-03-25 20:00:20.766767,26.11,99171.00,14.00,180.87
2022-03-25 20:00:30.798234,26.11,99171.00,15.00,180.87
2022-03-25 20:00:40.814454,26.06,99170.00,15.00,180.95
2022-03-25 20:00:50.846203,26.06,99171.00,15.00,180.87
2022-03-25 20:01:00.862681,25.99,99170.00,14.00,180.95
2022-03-25 20:01:10.894392,25.98,99170.00,14.00,180.95
2022-03-25 20:01:20.910629,26.00,99173.00,15.00,180.70
2022-03-25 20:01:30.942220,26.00,99168.00,15.00,181.12
2022-03-25 20:01:40.958801,26.03,99171.00,15.00,180.87
2022-03-25 20:01:50.990145,26.05,99165.00,14.00,181.38
2022-03-25 20:02:01.006564,26.07,99169.00,14.00,181.04
2022-03-25 20:02:11.038402,26.10,99169.00,14.00,181.04
2022-03-25 20:02:21.054790,26.10,99168.00,14.00,181.12
2022-03-25 20:02:31.086495,26.11,99167.00,14.00,181.21
2022-03-25 20:02:41.103032,26.07,99170.00,15.00,180.95
2022-03-25 20:02:51.134561,26.01,99170.00,14.00,180.95
2022-03-25 20:03:01.150770,26.03,99167.00,14.00,181.21
2022-03-25 20:03:11.182450,26.05,99164.00,14.00,181.46
2022-03-25 20:03:21.198743,26.04,99164.00,14.00,181.46
2022-03-25 20:03:31.230517,26.07,99166.00,14.00,181.29
2022-03-25 20:03:41.246724,26.07,99164.00,14.00,181.46
2022-03-25 20:03:51.278378,26.07,99164.00,14.00,181.46
2022-03-25 20:04:01.295045,26.09,99165.00,14.00,181.38
2022-03-25 20:04:11.326488,26.07,99163.00,14.00,181.55
2022-03-25 20:04:21.342966,26.09,99164.00,14.00,181.46
2022-03-25 20:04:31.374298,26.11,99163.00,14.00,181.55
2022-03-25 20:04:41.390664,26.14,99164.00,14.00,181.46
2022-03-25 20:04:51.422511,26.13,99164.00,14.00,181.46
2022-03-25 20:05:01.438778,26.16,99164.00,14.00,181.46
2022-03-25 20:05:11.470549,26.16,99165.00,14.00,181.38
2022-03-25 20:05:21.486755,26.18,99167.00,14.00,181.21
2022-03-25 20:05:31.518254,26.20,99163.00,14.00,181.55
2022-03-25 20:05:41.534616,26.21,99165.00,14.00,181.38
2022-03-25 20:05:51.566346,26.21,99167.00,14.00,181.21
2022-03-25 20:06:01.582758,26.22,99164.00,14.00,181.46
2022-03-25 20:06:11.614580,26.22,99164.00,14.00,181.46
2022-03-25 20:06:21.646298,26.24,99160.00,14.00,181.80
2022-03-25 20:06:31.662817,26.25,99164.00,14.00,181.46
2022-03-25 20:06:41.694255,26.25,99164.00,15.00,181.46
2022-03-25 20:06:51.710662,26.22,99162.00,15.00,181.63
2022-03-25 20:07:01.742379,26.17,99160.00,15.00,181.80
2022-03-25 20:07:11.758573,26.17,99163.00,15.00,181.55
2022-03-25 20:07:21.775002,26.15,99165.00,15.00,181.38
2022-03-25 20:07:31.806941,26.15,99165.00,15.00,181.38
2022-03-25 20:07:41.823503,26.14,99160.00,15.00,181.80
2022-03-25 20:07:51.854999,26.15,99161.00,15.00,181.71
2022-03-25 20:08:01.886566,26.17,99160.00,15.00,181.80
2022-03-25 20:08:11.903052,26.18,99159.00,15.00,181.88
2022-03-25 20:08:21.934477,26.20,99159.00,15.00,181.88
2022-03-25 20:08:31.950777,26.21,99157.00,14.00,182.05
2022-03-25 20:08:41.982493,26.21,99158.00,14.00,181.97
2022-03-25 20:08:51.998948,26.22,99158.00,14.00,181.97
2022-03-25 20:09:02.030657,26.24,99157.00,14.00,182.05
2022-03-25 20:09:12.047234,26.27,99155.00,14.00,182.22
2022-03-25 20:09:22.078709,26.29,99155.00,14.00,182.22
2022-03-25 20:09:32.094962,26.31,99157.00,14.00,182.05
2022-03-25 20:09:42.126656,26.31,99157.00,14.00,182.05
2022-03-25 20:09:52.143150,26.33,99156.00,14.00,182.14
2022-03-25 20:10:02.174780,26.33,99156.00,14.00,182.14
2022-03-25 20:10:12.191258,26.33,99155.00,14.00,182.22
2022-03-25 20:10:22.222754,26.39,99156.00,14.00,182.14
2022-03-25 20:10:32.239374,26.42,99154.00,14.00,182.31
2022-03-25 20:10:42.270907,26.44,99153.00,14.00,182.39
2022-03-25 20:10:52.287377,26.44,99154.00,14.00,182.31
2022-03-25 20:11:02.318794,26.42,99153.00,14.00,182.39
2022-03-25 20:11:12.335254,26.42,99154.00,15.00,182.31
2022-03-25 20:11:22.366514,26.43,99151.00,15.00,182.56
2022-03-25 20:11:32.382840,26.39,99147.00,14.00,182.90
2022-03-25 20:11:42.414545,26.38,99149.00,14.00,182.73
2022-03-25 20:11:52.431137,26.33,99147.00,14.00,182.90
2022-03-25 20:12:02.462459,26.31,99148.00,14.00,182.82
2022-03-25 20:12:12.478877,26.30,99148.00,14.00,182.82
2022-03-25 20:12:22.510482,26.30,99145.00,14.00,183.07
2022-03-25 20:12:32.526975,26.30,99146.00,14.00,182.99
2022-03-25 20:12:42.558615,26.32,99146.00,15.00,182.99
2022-03-25 20:12:52.574969,26.31,99145.00,15.00,183.07
2022-03-25 20:13:02.606306,26.32,99145.00,15.00,183.07
2022-03-25 20:13:12.622717,26.31,99143.00,15.00,183.24
2022-03-25 20:13:22.654372,26.32,99143.00,15.00,183.24
2022-03-25 20:13:32.670816,26.34,99144.00,15.00,183.15
2022-03-25 20:13:42.702409,26.36,99143.00,15.00,183.24
2022-03-25 20:13:52.718734,26.38,99143.00,15.00,183.24
2022-03-25 20:14:02.750501,26.39,99144.00,14.00,183.15
2022-03-25 20:14:12.766908,26.41,99143.00,14.00,183.24
2022-03-25 20:14:22.798404,26.37,99146.00,14.00,182.99
2022-03-25 20:14:32.815164,26.41,99145.00,14.00,183.07
2022-03-25 20:14:42.846692,26.42,99144.00,14.00,183.15
2022-03-25 20:14:52.863261,26.48,99144.00,14.00,183.15
2022-03-25 20:15:02.894589,26.50,99145.00,14.00,183.07
2022-03-25 20:15:12.911202,26.53,99144.00,14.00,183.15
2022-03-25 20:15:22.942622,26.56,99144.00,14.00,183.15
2022-03-25 20:15:32.958993,26.57,99147.00,14.00,182.90
2022-03-25 20:15:42.990377,26.58,99145.00,14.00,183.07
2022-03-25 20:15:53.006840,26.59,99145.00,14.00,183.07
2022-03-25 20:16:03.038239,26.60,99148.00,14.00,182.82
2022-03-25 20:16:13.054590,26.62,99144.00,14.00,183.15
2022-03-25 20:16:23.086600,26.63,99145.00,14.00,183.07
2022-03-25 20:16:33.103365,26.63,99145.00,14.00,183.07
2022-03-25 20:16:43.134812,26.62,99148.00,14.00,182.82
2022-03-25 20:16:53.151296,26.61,99146.00,14.00,182.99
2022-03-25 20:17:03.182880,26.63,99147.00,14.00,182.90
2022-03-25 20:17:13.214325,26.65,99147.00,14.00,182.90
2022-03-25 20:17:23.230729,26.64,99146.00,14.00,182.99
2022-03-25 20:17:33.247014,26.61,99149.00,14.00,182.73
2022-03-25 20:17:43.278664,26.61,99148.00,14.00,182.82
2022-03-25 20:17:53.310231,26.61,99149.00,14.00,182.73
2022-03-25 20:18:03.326959,26.62,99148.00,14.00,182.82
2022-03-25 20:18:13.343358,26.62,99148.00,14.00,182.82
2022-03-25 20:18:23.374710,26.61,99147.00,14.00,182.90
2022-03-25 20:18:33.391416,26.54,99149.00,14.00,182.73
2022-03-25 20:18:43.423006,26.54,99149.00,14.00,182.73
2022-03-25 20:18:53.454603,26.55,99148.00,14.00,182.82
2022-03-25 20:19:03.471266,26.55,99145.00,13.00,183.07
2022-03-25 20:19:13.502701,26.53,99147.00,13.00,182.90
2022-03-25 20:19:23.518992,26.52,99141.00,14.00,183.41
2022-03-25 20:19:33.550923,26.52,99146.00,13.00,182.99
2022-03-25 20:19:43.567355,26.46,99146.00,13.00,182.99
2022-03-25 20:19:53.598758,26.43,99145.00,13.00,183.07
2022-03-25 20:20:03.615268,26.43,99145.00,13.00,183.07
2022-03-25 20:20:13.646686,26.42,99143.00,13.00,183.24
2022-03-25 20:20:23.662926,26.41,99139.00,14.00,183.58
2022-03-25 20:20:33.694530,26.42,99145.00,14.00,183.07
2022-03-25 20:20:43.710827,26.43,99141.00,14.00,183.41
2022-03-25 20:20:53.742530,26.45,99141.00,14.00,183.41
2022-03-25 20:21:03.758932,26.46,99140.00,14.00,183.49
2022-03-25 20:21:13.790750,26.47,99139.00,14.00,183.58
2022-03-25 20:21:23.807159,26.49,99137.00,14.00,183.75
2022-03-25 20:21:33.838708,26.51,99138.00,14.00,183.66
2022-03-25 20:21:43.855437,26.53,99138.00,14.00,183.66
2022-03-25 20:21:53.886957,26.54,99136.00,14.00,183.83
2022-03-25 20:22:03.903570,26.54,99133.00,14.00,184.09
2022-03-25 20:22:13.935205,26.54,99135.00,14.00,183.92
2022-03-25 20:22:23.951484,26.53,99135.00,14.00,183.92
2022-03-25 20:22:33.982927,26.51,99136.00,14.00,183.83
2022-03-25 20:22:43.999490,26.52,99137.00,14.00,183.75
2022-03-25 20:22:54.030915,26.47,99141.00,14.00,183.41
2022-03-25 20:23:04.047638,26.42,99137.00,14.00,183.75
2022-03-25 20:23:14.078915,26.39,99134.00,14.00,184.00
2022-03-25 20:23:24.095375,26.38,99134.00,14.00,184.00
2022-03-25 20:23:34.126955,26.28,99139.00,14.00,183.58
2022-03-25 20:23:44.158613,26.26,99136.00,14.00,183.83
2022-03-25 20:23:54.174757,26.23,99133.00,14.00,184.09
2022-03-25 20:24:04.206257,26.27,99134.00,14.00,184.00
2022-03-25 20:24:14.222539,26.24,99136.00,14.00,183.83
2022-03-25 20:24:24.238918,26.23,99134.00,14.00,184.00
2022-03-25 20:24:34.270625,26.19,99135.00,14.00,183.92
2022-03-25 20:24:44.286844,26.17,99134.00,14.00,184.00
2022-03-25 20:24:54.318573,26.16,99132.00,14.00,184.17
2022-03-25 20:25:04.335134,26.09,99131.00,14.00,184.26
2022-03-25 20:25:14.366658,26.08,99131.00,14.00,184.26
2022-03-25 20:25:24.398166,26.09,99129.00,14.00,184.43
2022-03-25 20:25:34.414581,26.11,99128.00,14.00,184.51
2022-03-25 20:25:44.446407,26.10,99127.00,14.00,184.60
2022-03-25 20:25:54.463108,26.07,99128.00,14.00,184.51
2022-03-25 20:26:04.494405,26.05,99129.00,15.00,184.43
2022-03-25 20:26:14.510815,26.02,99126.00,14.00,184.68
2022-03-25 20:26:24.542417,26.02,99126.00,15.00,184.68
2022-03-25 20:26:34.558709,25.99,99125.00,15.00,184.76
2022-03-25 20:26:44.574968,25.97,99128.00,14.00,184.51
2022-03-25 20:26:54.606785,25.93,99127.00,14.00,184.60
2022-03-25 20:27:04.623117,25.92,99125.00,14.00,184.76
2022-03-25 20:27:14.654753,25.93,99126.00,14.00,184.68
2022-03-25 20:27:24.686270,25.94,99126.00,15.00,184.68
2022-03-25 20:27:34.702496,25.96,99125.00,14.00,184.76
2022-03-25 20:27:44.734044,25.96,99127.00,14.00,184.60
2022-03-25 20:27:54.750283,25.98,99124.00,14.00,184.85
2022-03-25 20:28:04.781912,26.00,99120.00,14.00,185.19
2022-03-25 20:28:14.798211,26.01,99122.00,14.00,185.02
2022-03-25 20:28:24.829923,26.02,99123.00,15.00,184.93
2022-03-25 20:28:34.846270,26.03,99123.00,14.00,184.93
2022-03-25 20:28:44.878052,26.02,99123.00,14.00,184.93
2022-03-25 20:28:54.894421,26.02,99125.00,14.00,184.76
2022-03-25 20:29:04.910815,25.98,99126.00,14.00,184.68
2022-03-25 20:29:14.942550,25.92,99125.00,14.00,184.76
2022-03-25 20:29:24.959200,25.95,99123.00,14.00,184.93
2022-03-25 20:29:34.990657,25.98,99123.00,14.00,184.93
2022-03-25 20:29:45.007009,25.99,99125.00,14.00,184.76
2022-03-25 20:29:55.038655,26.03,99125.00,14.00,184.76
2022-03-25 20:30:05.070216,26.05,99126.00,14.00,184.68
2022-03-25 20:30:15.086580,26.07,99121.00,14.00,185.11
2022-03-25 20:30:25.118204,26.12,99125.00,14.00,184.76
2022-03-25 20:30:35.134607,26.14,99122.00,14.00,185.02
2022-03-25 20:30:45.166036,26.15,99124.00,14.00,184.85
2022-03-25 20:30:55.182386,26.17,99123.00,14.00,184.93
2022-03-25 20:31:05.214243,26.21,99129.00,14.00,184.43
2022-03-25 20:31:15.230540,26.24,99122.00,14.00,185.02
2022-03-25 20:31:25.246661,26.26,99122.00,14.00,185.02
2022-03-25 20:31:35.278304,26.28,99123.00,14.00,184.93
2022-03-25 20:31:45.295043,26.30,99121.00,14.00,185.11
2022-03-25 20:31:55.326318,26.33,99122.00,14.00,185.02
2022-03-25 20:32:05.358235,26.34,99120.00,14.00,185.19
2022-03-25 20:32:15.374516,26.37,99118.00,14.00,185.36
2022-03-25 20:32:25.406141,26.38,99117.00,14.00,185.44
2022-03-25 20:32:35.422552,26.40,99121.00,13.00,185.11
2022-03-25 20:32:45.453936,26.43,99119.00,14.00,185.27
2022-03-25 20:32:55.470221,26.44,99120.00,14.00,185.19
2022-03-25 20:33:05.501960,26.45,99120.00,13.00,185.19
2022-03-25 20:33:15.518562,26.45,99117.00,14.00,185.44
2022-03-25 20:33:25.550038,26.45,99119.00,14.00,185.27
2022-03-25 20:33:35.566410,26.45,99117.00,14.00,185.44
2022-03-25 20:33:45.582968,26.43,99118.00,14.00,185.36
2022-03-25 20:33:55.614486,26.42,99119.00,14.00,185.27
2022-03-25 20:34:05.646365,26.40,99115.00,14.00,185.61
2022-03-25 20:34:15.662546,26.40,99111.00,14.00,185.95
2022-03-25 20:34:25.694265,26.40,99112.00,14.00,185.87
2022-03-25 20:34:35.710423,26.41,99115.00,14.00,185.61
2022-03-25 20:34:45.742071,26.43,99115.00,14.00,185.61
2022-03-25 20:34:55.758344,26.45,99113.00,14.00,185.78
2022-03-25 20:35:05.789944,26.44,99115.00,14.00,185.61
2022-03-25 20:35:15.806116,26.46,99114.00,14.00,185.70
2022-03-25 20:35:25.837949,26.45,99114.00,14.00,185.70
2022-03-25 20:35:35.854227,26.46,99113.00,14.00,185.78
2022-03-25 20:35:45.885925,26.46,99107.00,14.00,186.29
2022-03-25 20:35:55.902255,26.44,99113.00,14.00,185.78
2022-03-25 20:36:05.934040,26.43,99112.00,14.00,185.87
2022-03-25 20:36:15.950538,26.44,99112.00,14.00,185.87
2022-03-25 20:36:25.981926,26.44,99113.00,14.00,185.78
2022-03-25 20:36:35.998613,26.41,99108.00,14.00,186.21
2022-03-25 20:36:46.030119,26.40,99110.00,14.00,186.04
2022-03-25 20:36:56.046372,26.41,99111.00,14.00,185.95
2022-03-25 20:37:06.078212,26.42,99111.00,14.00,185.95
2022-03-25 20:37:16.094882,26.43,99107.00,14.00,186.29
2022-03-25 20:37:26.126519,26.45,99106.00,14.00,186.38
2022-03-25 20:37:36.142997,26.48,99105.00,14.00,186.46
2022-03-25 20:37:46.174630,26.49,99106.00,14.00,186.38
2022-03-25 20:37:56.191077,26.49,99105.00,15.00,186.46
2022-03-25 20:38:06.222660,26.53,99105.00,14.00,186.46
2022-03-25 20:38:16.238941,26.56,99105.00,14.00,186.46
2022-03-25 20:38:26.270771,26.61,99105.00,14.00,186.46
2022-03-25 20:38:36.287110,26.64,99102.00,14.00,186.71
2022-03-25 20:38:46.318717,26.66,99099.00,14.00,186.97
2022-03-25 20:38:56.335357,26.69,99102.00,14.00,186.71
2022-03-25 20:39:06.366904,26.69,99102.00,13.00,186.71
2022-03-25 20:39:16.383218,26.69,99100.00,13.00,186.88
2022-03-25 20:39:26.414915,26.69,99103.00,14.00,186.63
2022-03-25 20:39:36.431436,26.70,99101.00,14.00,186.80
2022-03-25 20:39:46.463098,26.74,99102.00,14.00,186.71
2022-03-25 20:39:56.479314,26.75,99101.00,14.00,186.80
2022-03-25 20:40:06.511056,26.76,99105.00,14.00,186.46
2022-03-25 20:40:16.527470,26.75,99101.00,14.00,186.80
2022-03-25 20:40:26.559317,26.76,99099.00,14.00,186.97
2022-03-25 20:40:36.576002,26.79,99099.00,14.00,186.97
2022-03-25 20:40:46.607383,26.81,99097.00,14.00,187.14
2022-03-25 20:40:56.623720,26.82,99095.00,14.00,187.31
2022-03-25 20:41:06.655680,26.84,99097.00,14.00,187.14
2022-03-25 20:41:16.672216,26.86,99098.00,14.00,187.05
2022-03-25 20:41:26.704116,26.88,99093.00,14.00,187.48
2022-03-25 20:41:36.720681,26.90,99094.00,14.00,187.39
2022-03-25 20:41:46.752027,26.91,99098.00,14.00,187.05
2022-03-25 20:41:56.768478,26.93,99096.00,14.00,187.22
2022-03-25 20:42:06.800013,26.95,99097.00,14.00,187.14
2022-03-25 20:42:16.816523,26.97,99096.00,14.00,187.22
2022-03-25 20:42:26.848228,26.98,99093.00,14.00,187.48
2022-03-25 20:42:36.864610,27.00,99096.00,14.00,187.22
2022-03-25 20:42:46.896264,27.01,99096.00,14.00,187.22
2022-03-25 20:42:56.912716,27.02,99093.00,14.00,187.48
2022-03-25 20:43:06.944494,27.05,99093.00,14.00,187.48
2022-03-25 20:43:16.976112,27.09,99097.00,14.00,187.14
2022-03-25 20:43:26.992584,27.09,99093.00,14.00,187.48
2022-03-25 20:43:37.024054,27.11,99098.00,14.00,187.05
2022-03-25 20:43:47.040564,27.12,99092.00,14.00,187.56
2022-03-25 20:43:57.072094,27.14,99095.00,14.00,187.31
2022-03-25 20:44:07.088582,27.14,99095.00,14.00,187.31
2022-03-25 20:44:17.120118,27.14,99091.00,14.00,187.65
2022-03-25 20:44:27.136572,27.14,99094.00,14.00,187.39
2022-03-25 20:44:37.168479,27.14,99098.00,14.00,187.05
2022-03-25 20:44:47.184916,27.13,99094.00,14.00,187.39
