dateTime,ozone,temperature,pressure,voltage
2022-03-25 19:09:28.816198,41.2,34.4,882.9,0.9159
2022-03-25 19:09:42.775416,39.7,34.4,902.0,0.9160
2022-03-25 19:09:56.767581,39.9,34.4,883.6,0.9160
2022-03-25 19:10:10.760115,41.9,34.4,900.6,0.9162
2022-03-25 19:10:24.719367,42.9,34.5,882.5,0.9162
2022-03-25 19:10:38.711990,42.7,34.5,902.0,0.9164
2022-03-25 19:10:52.704047,43.3,34.5,884.6,0.9163
2022-03-25 19:11:06.663265,44.7,34.5,900.9,0.9165
2022-03-25 19:11:20.655411,43.4,34.5,882.4,0.9165
2022-03-25 19:11:34.648065,42.7,34.5,900.7,0.9167
2022-03-25 19:11:48.607214,44.8,34.5,883.7,0.9166
2022-03-25 19:12:02.599836,45.0,34.6,902.1,0.9169
2022-03-25 19:12:16.592027,46.2,34.6,884.6,0.9168
2022-03-25 19:12:30.551200,46.9,34.6,900.6,0.9170
2022-03-25 19:12:44.543334,46.2,34.6,882.5,0.9169
2022-03-25 19:12:58.535953,46.1,34.6,901.2,0.9172
2022-03-25 19:13:12.495094,45.4,34.6,883.8,0.9171
2022-03-25 19:13:26.487700,45.6,34.6,902.5,0.9173
2022-03-25 19:13:40.479805,45.8,34.6,884.9,0.9173
2022-03-25 19:13:54.439078,47.0,34.6,901.8,0.9175
2022-03-25 19:14:08.431216,49.6,34.6,883.9,0.9174
2022-03-25 19:14:22.423801,50.9,34.6,900.6,0.9176
2022-03-25 19:14:36.382993,50.0,34.6,882.9,0.9176
2022-03-25 19:14:50.375585,49.8,34.6,901.1,0.9178
2022-03-25 19:15:04.367761,49.3,34.6,883.4,0.9178
2022-03-25 19:15:18.294493,46.0,34.6,902.3,0.9180
2022-03-25 19:15:32.286626,44.8,34.6,884.1,0.9179
2022-03-25 19:15:46.278750,47.4,34.6,901.9,0.9182
2022-03-25 19:16:00.238410,49.3,34.6,883.8,0.9181
2022-03-25 19:16:14.230509,49.1,34.6,901.0,0.9183
2022-03-25 19:16:28.222730,46.7,34.6,883.5,0.9183
2022-03-25 19:16:42.182336,44.9,34.6,900.4,0.9185
2022-03-25 19:16:56.174505,46.1,34.6,882.4,0.9185
2022-03-25 19:17:10.133734,44.0,34.6,901.8,0.9187
2022-03-25 19:17:24.126299,42.8,34.6,883.0,0.9186
2022-03-25 19:17:38.118423,45.2,34.6,902.6,0.9188
2022-03-25 19:17:52.077668,47.4,34.6,883.8,0.9188
2022-03-25 19:18:06.070193,45.8,34.6,902.1,0.9190
2022-03-25 19:18:20.062329,44.2,34.6,884.3,0.9189
2022-03-25 19:18:34.022062,45.6,34.6,902.1,0.9191
2022-03-25 19:18:48.014210,44.5,34.6,884.6,0.9191
2022-03-25 19:19:02.006324,44.1,34.6,901.9,0.9193
2022-03-25 19:19:15.965573,44.8,34.6,883.7,0.9192
2022-03-25 19:19:29.958114,43.3,34.6,900.9,0.9194
2022-03-25 19:19:43.950279,43.4,34.6,884.0,0.9194
2022-03-25 19:19:57.909908,44.6,34.6,900.6,0.9196
2022-03-25 19:20:11.902043,44.7,34.6,883.7,0.9195
2022-03-25 19:20:25.894180,44.3,34.6,900.5,0.9197
2022-03-25 19:20:39.853427,44.6,34.6,882.6,0.9196
2022-03-25 19:20:53.846029,49.0,34.6,900.3,0.9198
2022-03-25 19:21:07.838152,51.4,34.6,882.7,0.9198
2022-03-25 19:21:21.797781,49.9,34.6,900.7,0.9200
2022-03-25 19:21:35.790016,50.4,34.6,883.1,0.9199
2022-03-25 19:21:49.782126,51.5,34.6,900.5,0.9201
2022-03-25 19:22:03.741324,50.2,34.6,882.5,0.9200
2022-03-25 19:22:17.733912,49.4,34.6,901.5,0.9202
2022-03-25 19:22:31.726042,48.1,34.6,882.6,0.9202
2022-03-25 19:22:45.685655,46.3,34.6,902.5,0.9204
2022-03-25 19:22:59.677818,46.2,34.6,883.2,0.9203
2022-03-25 19:23:13.669998,47.0,34.6,901.7,0.9205
2022-03-25 19:23:27.629289,46.7,34.6,883.5,0.9205
2022-03-25 19:23:41.621757,45.2,34.6,902.2,0.9207
2022-03-25 19:23:55.613867,45.7,34.7,883.6,0.9206
2022-03-25 19:24:09.573169,45.3,34.7,902.9,0.9208
2022-03-25 19:24:23.565256,45.6,34.7,883.6,0.9207
2022-03-25 19:24:37.557834,48.3,34.7,901.8,0.9210
2022-03-25 19:24:51.517056,48.4,34.7,883.9,0.9209
2022-03-25 19:25:05.509656,48.5,34.7,902.1,0.9211
2022-03-25 19:25:19.501772,48.5,34.7,884.1,0.9210
2022-03-25 19:25:33.460972,48.0,34.7,902.2,0.9212
2022-03-25 19:25:47.453512,48.2,34.7,883.7,0.9212
2022-03-25 19:26:01.445681,47.1,34.8,901.9,0.9214
2022-03-25 19:26:15.404930,47.9,34.8,883.9,0.9213
2022-03-25 19:26:29.397473,48.7,34.8,902.4,0.9215
2022-03-25 19:26:43.389638,45.9,34.8,883.7,0.9214
2022-03-25 19:26:57.348868,46.3,34.8,901.9,0.9216
2022-03-25 19:27:11.341417,48.2,34.8,883.4,0.9216
2022-03-25 19:27:25.333577,45.6,34.8,902.3,0.9218
2022-03-25 19:27:39.292820,42.5,34.8,883.6,0.9217
2022-03-25 19:27:53.285383,43.0,34.8,902.5,0.9219
2022-03-25 19:28:07.244605,44.3,34.8,883.7,0.9218
2022-03-25 19:28:21.236759,46.2,34.8,901.8,0.9220
2022-03-25 19:28:35.228860,48.4,34.9,882.5,0.9219
2022-03-25 19:28:49.188550,46.7,34.9,901.5,0.9221
2022-03-25 19:29:03.181159,45.4,34.9,882.7,0.9220
2022-03-25 19:29:17.173322,46.0,34.9,901.5,0.9222
2022-03-25 19:29:31.132448,47.7,34.9,882.3,0.9221
2022-03-25 19:29:45.125041,48.5,34.9,900.0,0.9223
2022-03-25 19:29:59.117203,48.0,34.9,883.1,0.9222
2022-03-25 19:30:13.076402,46.3,34.9,900.3,0.9224
2022-03-25 19:30:27.068568,45.7,34.9,883.5,0.9223
2022-03-25 19:30:41.061172,47.6,34.9,901.1,0.9225
2022-03-25 19:30:55.020365,48.5,34.9,883.5,0.9224
2022-03-25 19:31:09.012480,48.8,34.9,901.4,0.9227
2022-03-25 19:31:23.004638,47.7,34.9,884.2,0.9226
2022-03-25 19:31:36.964327,45.0,34.9,901.9,0.9228
2022-03-25 19:31:50.956455,43.8,34.9,884.5,0.9227
2022-03-25 19:32:04.948564,48.7,34.9,902.0,0.9228
2022-03-25 19:32:18.908209,60.3,34.9,883.9,0.9227
2022-03-25 19:32:32.900355,65.6,34.9,902.3,0.9229
2022-03-25 19:32:46.892917,61.5,34.9,883.3,0.9228
2022-03-25 19:33:00.852132,58.6,34.9,902.6,0.9230
2022-03-25 19:33:14.844278,57.0,34.9,883.1,0.9229
2022-03-25 19:33:28.836944,53.1,34.9,901.6,0.9231
2022-03-25 19:33:42.796089,51.0,34.9,883.1,0.9230
2022-03-25 19:33:56.788222,51.0,34.9,901.5,0.9232
2022-03-25 19:34:10.780347,49.3,34.9,882.8,0.9232
2022-03-25 19:34:24.740014,47.9,34.9,901.7,0.9234
2022-03-25 19:34:38.732186,48.1,34.9,882.3,0.9233
2022-03-25 19:34:52.724277,47.7,34.9,900.2,0.9235
2022-03-25 19:35:06.683943,46.8,34.9,882.7,0.9234
2022-03-25 19:35:20.676075,48.8,34.9,900.5,0.9235
2022-03-25 19:35:34.668635,54.6,34.9,883.5,0.9234
2022-03-25 19:35:48.627905,58.9,34.9,900.2,0.9236
2022-03-25 19:36:02.620008,58.5,34.9,882.8,0.9235
2022-03-25 19:36:16.612595,54.4,34.9,900.7,0.9237
2022-03-25 19:36:30.571801,52.0,34.9,883.3,0.9236
2022-03-25 19:36:44.563954,52.0,34.9,901.0,0.9238
2022-03-25 19:36:58.556087,52.5,34.9,884.1,0.9237
2022-03-25 19:37:12.515720,54.1,34.9,900.9,0.9239
2022-03-25 19:37:26.507907,54.2,34.9,883.8,0.9238
2022-03-25 19:37:40.500500,54.0,34.9,901.9,0.9240
2022-03-25 19:37:54.459688,54.0,34.9,884.2,0.9239
2022-03-25 19:38:08.451824,52.9,34.9,902.7,0.9241
2022-03-25 19:38:22.444364,52.4,34.9,882.9,0.9240
2022-03-25 19:38:36.403603,53.4,34.9,901.4,0.9242
2022-03-25 19:38:50.395760,54.1,34.9,882.8,0.9241
2022-03-25 19:39:04.355415,52.4,34.9,901.0,0.9243
2022-03-25 19:39:18.347551,49.1,34.9,883.1,0.9242
2022-03-25 19:39:32.339696,49.9,34.9,900.3,0.9244
2022-03-25 19:39:46.299302,51.3,34.9,882.4,0.9243
2022-03-25 19:40:00.291459,50.6,34.9,900.2,0.9245
2022-03-25 19:40:14.283642,49.7,34.9,883.0,0.9244
2022-03-25 19:40:28.243255,49.5,34.9,900.8,0.9246
2022-03-25 19:40:42.235437,51.0,34.9,883.7,0.9245
2022-03-25 19:40:56.227572,52.2,34.9,901.2,0.9247
2022-03-25 19:41:10.187210,52.4,34.9,883.6,0.9246
2022-03-25 19:41:24.179319,49.8,34.9,901.7,0.9248
2022-03-25 19:41:38.171482,48.2,34.9,884.2,0.9247
2022-03-25 19:41:52.131174,47.2,34.9,902.5,0.9249
2022-03-25 19:42:06.123288,46.9,34.9,883.5,0.9248
2022-03-25 19:42:20.115376,49.3,34.9,901.4,0.9250
2022-03-25 19:42:34.075082,53.6,34.9,883.0,0.9249
2022-03-25 19:42:48.067211,55.5,34.9,901.2,0.9251
2022-03-25 19:43:02.059328,54.5,34.9,882.9,0.9250
2022-03-25 19:43:16.018978,52.6,34.9,900.4,0.9252
2022-03-25 19:43:30.011152,50.1,34.9,882.4,0.9251
2022-03-25 19:43:44.003330,50.9,35.0,900.3,0.9253
2022-03-25 19:43:57.962928,52.0,35.0,883.2,0.9252
2022-03-25 19:44:11.955079,52.8,35.0,901.2,0.9254
2022-03-25 19:44:25.947208,51.9,35.0,884.3,0.9253
2022-03-25 19:44:39.906882,50.2,35.0,901.4,0.9255
2022-03-25 19:44:53.899002,50.3,35.0,884.0,0.9254
2022-03-25 19:45:07.891128,48.1,35.0,902.0,0.9256
2022-03-25 19:45:21.850784,46.0,35.0,884.1,0.9255
2022-03-25 19:45:35.842916,48.2,35.0,901.7,0.9257
2022-03-25 19:45:49.835060,49.4,35.0,882.1,0.9256
2022-03-25 19:46:03.794711,48.3,35.1,900.0,0.9258
2022-03-25 19:46:17.786820,49.3,35.1,882.7,0.9257
2022-03-25 19:46:31.779010,49.2,35.0,900.7,0.9258
2022-03-25 19:46:45.738585,47.1,35.1,883.6,0.9258
2022-03-25 19:46:59.730832,46.9,35.1,901.1,0.9260
2022-03-25 19:47:13.722908,46.0,35.1,883.6,0.9259
2022-03-25 19:47:27.682532,44.7,35.1,901.9,0.9260
2022-03-25 19:47:41.674721,45.1,35.1,883.8,0.9259
2022-03-25 19:47:55.666834,48.0,35.1,902.3,0.9261
2022-03-25 19:48:09.626539,53.2,35.1,882.3,0.9260
2022-03-25 19:48:23.618633,56.1,35.1,900.1,0.9262
2022-03-25 19:48:37.610798,55.2,35.1,882.6,0.9261
2022-03-25 19:48:51.570414,52.8,35.1,900.1,0.9263
2022-03-25 19:49:05.562559,51.1,35.1,883.4,0.9262
2022-03-25 19:49:19.522192,49.3,35.1,900.2,0.9264
2022-03-25 19:49:33.514337,51.1,35.1,883.2,0.9263
2022-03-25 19:49:47.506520,55.4,35.1,901.3,0.9265
2022-03-25 19:50:01.466155,56.9,35.1,884.0,0.9263
2022-03-25 19:50:15.458290,57.8,35.1,902.1,0.9265
2022-03-25 19:50:29.450409,59.6,35.1,883.4,0.9264
2022-03-25 19:50:43.410055,57.0,35.1,901.6,0.9267
2022-03-25 19:50:57.402239,50.4,35.1,882.5,0.9266
2022-03-25 19:51:11.394288,48.5,35.1,900.3,0.9268
2022-03-25 19:51:25.353996,51.3,35.1,882.6,0.9266
2022-03-25 19:51:39.346143,54.0,35.1,900.3,0.9269
2022-03-25 19:51:53.338266,52.5,35.1,883.1,0.9268
2022-03-25 19:52:07.297915,50.3,35.1,900.7,0.9270
2022-03-25 19:52:21.290052,48.9,35.1,884.0,0.9269
2022-03-25 19:52:35.282221,46.7,35.1,901.9,0.9271
2022-03-25 19:52:49.241421,46.4,35.1,883.7,0.9270
2022-03-25 19:53:03.233969,46.8,35.1,900.5,0.9272
2022-03-25 19:53:17.226137,47.8,35.1,882.0,0.9271
2022-03-25 19:53:31.185321,47.5,35.1,900.0,0.9273
2022-03-25 19:53:45.177952,47.4,35.1,883.0,0.9272
2022-03-25 19:53:59.170091,48.7,35.1,901.8,0.9274
2022-03-25 19:54:13.129278,50.7,35.1,883.7,0.9273
2022-03-25 19:54:27.121850,55.0,35.1,901.5,0.9275
2022-03-25 19:54:41.114007,56.8,35.1,882.5,0.9275
2022-03-25 19:54:55.073697,53.8,35.1,901.0,0.9277
2022-03-25 19:55:09.065817,51.8,35.1,882.6,0.9276
2022-03-25 19:55:23.090829,52.0,35.1,900.3,0.9278
2022-03-25 19:55:37.017592,52.3,35.1,882.6,0.9277
2022-03-25 19:55:51.042224,53.7,35.1,900.7,0.9279
2022-03-25 19:56:05.001847,59.0,35.1,883.8,0.9277
2022-03-25 19:56:18.993957,63.0,35.1,901.9,0.9280
2022-03-25 19:56:32.986139,63.9,35.1,883.1,0.9278
2022-03-25 19:56:46.978692,63.7,35.1,900.0,0.9281
2022-03-25 19:57:00.937900,60.2,35.1,882.0,0.9280
2022-03-25 19:57:14.930102,55.1,35.1,900.3,0.9282
2022-03-25 19:57:28.922255,43.2,35.1,883.6,0.9282
2022-03-25 19:57:42.881788,31.9,35.1,902.0,0.9284
2022-03-25 19:57:56.874011,30.8,35.1,883.5,0.9283
2022-03-25 19:58:10.866523,32.7,35.1,901.2,0.9285
2022-03-25 19:58:24.825766,34.0,35.1,882.5,0.9285
2022-03-25 19:58:38.817881,35.5,35.1,900.1,0.9286
2022-03-25 19:58:52.810458,41.9,35.1,883.2,0.9285
2022-03-25 19:59:06.769661,47.9,35.1,900.0,0.9287
2022-03-25 19:59:20.761831,53.1,35.1,883.3,0.9287
2022-03-25 19:59:34.753982,55.3,35.1,901.6,0.9289
2022-03-25 19:59:48.713596,53.6,35.1,883.5,0.9288
2022-03-25 20:00:02.705782,54.2,35.1,902.0,0.9290
2022-03-25 20:00:16.665412,53.5,35.1,882.4,0.9289
2022-03-25 20:00:30.657543,51.5,35.1,900.0,0.9291
2022-03-25 20:00:44.649697,51.2,35.1,882.5,0.9290
2022-03-25 20:00:58.609356,52.4,35.1,900.1,0.9292
2022-03-25 20:01:12.601444,53.4,35.1,884.1,0.9291
2022-03-25 20:01:26.593573,55.0,35.1,901.7,0.9294
2022-03-25 20:01:40.553259,55.5,35.1,883.2,0.9293
2022-03-25 20:01:54.545365,54.6,35.1,901.3,0.9295
2022-03-25 20:02:08.537533,51.5,35.1,882.0,0.9294
2022-03-25 20:02:22.497188,50.3,35.1,900.0,0.9296
2022-03-25 20:02:36.489311,51.6,35.2,883.0,0.9295
2022-03-25 20:02:50.481413,53.5,35.2,900.7,0.9297
2022-03-25 20:03:04.441163,55.1,35.2,883.6,0.9296
2022-03-25 20:03:18.433215,53.3,35.2,901.8,0.9299
2022-03-25 20:03:32.425359,49.0,35.2,882.8,0.9298
2022-03-25 20:03:46.385012,46.6,35.2,900.6,0.9300
2022-03-25 20:04:00.377172,48.1,35.3,881.9,0.9299
2022-03-25 20:04:14.369276,47.4,35.3,900.1,0.9301
2022-03-25 20:04:28.328937,46.0,35.3,883.7,0.9300
2022-03-25 20:04:42.321070,46.9,35.3,901.8,0.9302
2022-03-25 20:04:56.313259,45.6,35.3,882.5,0.9302
2022-03-25 20:05:10.272872,44.5,35.3,900.0,0.9304
2022-03-25 20:05:24.265023,45.9,35.3,882.4,0.9303
2022-03-25 20:05:38.257186,46.9,35.3,900.6,0.9305
2022-03-25 20:05:52.216784,46.3,35.3,884.3,0.9304
2022-03-25 20:06:06.209007,45.8,35.3,901.6,0.9306
2022-03-25 20:06:20.201147,48.9,35.3,881.8,0.9305
2022-03-25 20:06:34.160776,50.3,35.3,899.6,0.9307
2022-03-25 20:06:48.152882,50.5,35.3,882.9,0.9306
2022-03-25 20:07:02.145029,56.6,35.3,901.3,0.9309
2022-03-25 20:07:16.104655,60.8,35.3,883.5,0.9307
2022-03-25 20:07:30.096792,58.7,35.3,900.4,0.9310
2022-03-25 20:07:44.088951,56.3,35.3,882.4,0.9309
2022-03-25 20:07:58.048570,53.3,35.3,900.4,0.9311
2022-03-25 20:08:12.040748,50.9,35.3,884.3,0.9310
2022-03-25 20:08:26.032864,49.8,35.3,900.9,0.9313
2022-03-25 20:08:39.992466,48.8,35.3,881.5,0.9312
2022-03-25 20:08:53.984649,48.7,35.3,900.0,0.9314
2022-03-25 20:09:07.976793,49.0,35.3,883.7,0.9313
2022-03-25 20:09:21.936416,48.5,35.3,902.1,0.9315
2022-03-25 20:09:35.928571,47.2,35.3,881.8,0.9315
2022-03-25 20:09:49.920724,47.5,35.3,899.5,0.9317
2022-03-25 20:10:03.880342,47.9,35.3,883.2,0.9316
2022-03-25 20:10:17.872503,49.4,35.3,901.6,0.9318
2022-03-25 20:10:31.864628,50.3,35.3,882.1,0.9317
2022-03-25 20:10:45.824223,49.3,35.3,899.4,0.9320
2022-03-25 20:10:59.816438,49.8,35.3,882.6,0.9319
2022-03-25 20:11:13.775632,52.4,35.3,901.0,0.9321
2022-03-25 20:11:27.768211,54.8,35.3,883.2,0.9320
2022-03-25 20:11:41.760338,53.0,35.3,899.9,0.9322
2022-03-25 20:11:55.719525,49.9,35.3,882.3,0.9322
2022-03-25 20:12:09.712148,53.1,35.3,900.7,0.9324
2022-03-25 20:12:23.704268,57.8,35.3,882.4,0.9323
2022-03-25 20:12:37.663467,58.3,35.3,900.0,0.9325
2022-03-25 20:12:51.656041,57.9,35.3,882.7,0.9324
2022-03-25 20:13:05.648165,57.2,35.3,900.8,0.9327
2022-03-25 20:13:19.607389,57.3,35.3,883.0,0.9326
2022-03-25 20:13:33.599958,56.6,35.3,899.7,0.9328
2022-03-25 20:13:47.592158,54.5,35.3,883.1,0.9328
2022-03-25 20:14:01.551788,52.8,35.3,900.3,0.9330
2022-03-25 20:14:15.543504,51.8,35.3,882.7,0.9329
2022-03-25 20:14:29.536030,50.4,35.3,900.2,0.9332
2022-03-25 20:14:43.495328,50.0,35.3,882.0,0.9331
2022-03-25 20:14:57.487828,50.9,35.3,901.1,0.9333
2022-03-25 20:15:11.479953,50.2,35.3,882.8,0.9333
2022-03-25 20:15:25.439191,48.4,35.3,900.4,0.9335
2022-03-25 20:15:39.431742,47.5,35.4,882.2,0.9334
2022-03-25 20:15:53.423913,46.5,35.4,900.6,0.9337
2022-03-25 20:16:07.383107,45.6,35.4,883.5,0.9336
2022-03-25 20:16:21.375679,47.1,35.4,900.1,0.9338
2022-03-25 20:16:35.367819,46.5,35.4,882.2,0.9337
2022-03-25 20:16:49.327011,46.1,35.4,900.3,0.9340
2022-03-25 20:17:03.319584,47.5,35.4,883.5,0.9339
2022-03-25 20:17:17.311766,45.9,35.4,899.7,0.9341
2022-03-25 20:17:31.271000,46.4,35.4,881.7,0.9341
2022-03-25 20:17:45.263529,46.7,35.4,900.4,0.9343
2022-03-25 20:17:59.255634,45.5,35.4,883.0,0.9342
2022-03-25 20:18:13.214912,48.0,35.5,900.7,0.9345
2022-03-25 20:18:27.206998,54.8,35.5,882.2,0.9343
2022-03-25 20:18:41.199617,58.3,35.5,900.6,0.9346
2022-03-25 20:18:55.158822,57.0,35.5,882.4,0.9345
2022-03-25 20:19:09.150973,53.1,35.5,899.5,0.9348
2022-03-25 20:19:23.143521,47.7,35.5,883.2,0.9347
2022-03-25 20:19:37.102732,47.1,35.6,901.0,0.9349
2022-03-25 20:19:51.094984,47.5,35.6,881.7,0.9349
2022-03-25 20:20:05.087418,45.9,35.6,899.8,0.9351
2022-03-25 20:20:19.046726,45.1,35.6,883.8,0.9351
2022-03-25 20:20:33.038760,45.8,35.6,900.3,0.9353
2022-03-25 20:20:47.031360,45.2,35.6,882.0,0.9352
2022-03-25 20:21:00.990571,43.1,35.6,900.6,0.9355
2022-03-25 20:21:14.982729,43.8,35.6,882.4,0.9354
2022-03-25 20:21:28.975282,47.5,35.6,899.4,0.9356
2022-03-25 20:21:42.934454,45.4,35.6,882.8,0.9356
2022-03-25 20:21:56.927018,42.6,35.6,900.8,0.9358
2022-03-25 20:22:10.886219,43.8,35.6,881.5,0.9357
2022-03-25 20:22:24.878394,45.5,35.6,900.9,0.9359
2022-03-25 20:22:38.870494,48.2,35.6,882.2,0.9359
2022-03-25 20:22:52.830133,50.1,35.6,899.1,0.9361
2022-03-25 20:23:06.822231,52.1,35.6,883.1,0.9360
2022-03-25 20:23:20.814385,52.7,35.6,900.8,0.9363
2022-03-25 20:23:34.774033,51.7,35.6,881.9,0.9362
2022-03-25 20:23:48.766198,51.7,35.6,900.4,0.9364
2022-03-25 20:24:02.758323,53.0,35.6,881.7,0.9364
2022-03-25 20:24:16.717957,53.0,35.6,899.3,0.9366
2022-03-25 20:24:30.710103,52.5,35.6,883.7,0.9365
2022-03-25 20:24:44.702199,52.6,35.6,899.3,0.9367
2022-03-25 20:24:58.661930,52.9,35.6,882.1,0.9367
2022-03-25 20:25:12.653948,53.4,35.6,901.1,0.9369
2022-03-25 20:25:26.646081,53.0,35.6,881.8,0.9368
2022-03-25 20:25:40.605718,53.4,35.6,900.9,0.9370
2022-03-25 20:25:54.597912,54.7,35.6,881.5,0.9370
2022-03-25 20:26:08.589995,56.2,35.6,899.2,0.9372
2022-03-25 20:26:22.549662,57.2,35.6,883.2,0.9371
2022-03-25 20:26:36.541847,57.2,35.6,899.6,0.9373
2022-03-25 20:26:50.533888,57.2,35.6,882.9,0.9372
2022-03-25 20:27:04.493602,54.4,35.6,900.9,0.9374
2022-03-25 20:27:18.485702,51.7,35.6,881.6,0.9374
2022-03-25 20:27:32.445361,50.7,35.6,900.4,0.9376
2022-03-25 20:27:46.404554,49.4,35.6,882.7,0.9375
2022-03-25 20:28:00.396691,49.5,35.6,898.9,0.9377
2022-03-25 20:28:14.388808,50.7,35.6,882.8,0.9377
2022-03-25 20:28:28.348471,48.4,35.6,900.1,0.9379
2022-03-25 20:28:42.340603,47.8,35.6,882.8,0.9378
2022-03-25 20:28:56.333201,53.3,35.6,901.2,0.9380
2022-03-25 20:29:10.292351,54.4,35.6,881.2,0.9379
2022-03-25 20:29:24.284851,52.3,35.6,900.3,0.9381
2022-03-25 20:29:38.277083,51.6,35.6,881.7,0.9380
2022-03-25 20:29:52.236259,50.6,35.6,899.4,0.9382
2022-03-25 20:30:06.228449,49.2,35.6,883.1,0.9381
2022-03-25 20:30:20.220953,49.1,35.6,899.2,0.9383
2022-03-25 20:30:34.180142,49.6,35.6,882.4,0.9382
2022-03-25 20:30:48.172300,48.3,35.6,901.1,0.9385
2022-03-25 20:31:02.164418,47.6,35.6,881.7,0.9384
2022-03-25 20:31:16.124101,48.7,35.6,899.9,0.9386
2022-03-25 20:31:30.116183,47.6,35.6,882.0,0.9385
2022-03-25 20:31:44.108729,46.4,35.6,899.2,0.9387
2022-03-25 20:31:58.068021,47.3,35.6,883.4,0.9386
2022-03-25 20:32:12.060137,47.3,35.6,899.5,0.9388
2022-03-25 20:32:26.052243,47.4,35.6,882.5,0.9387
2022-03-25 20:32:40.011878,46.5,35.6,900.9,0.9389
2022-03-25 20:32:54.004037,46.4,35.6,882.1,0.9388
2022-03-25 20:33:07.963633,48.4,35.6,899.9,0.9390
2022-03-25 20:33:21.955800,48.9,35.6,881.5,0.9389
2022-03-25 20:33:35.947896,48.0,35.6,899.5,0.9391
2022-03-25 20:33:49.907570,46.6,35.6,882.9,0.9390
2022-03-25 20:34:03.899713,46.9,35.7,900.0,0.9392
2022-03-25 20:34:17.891779,48.6,35.7,882.6,0.9391
2022-03-25 20:34:31.851465,48.2,35.7,900.6,0.9393
2022-03-25 20:34:45.843617,47.7,35.7,881.7,0.9392
2022-03-25 20:34:59.835723,49.1,35.7,900.7,0.9394
2022-03-25 20:35:13.795348,49.1,35.7,881.5,0.9393
2022-03-25 20:35:27.787503,49.7,35.7,899.7,0.9395
2022-03-25 20:35:41.779626,51.8,35.7,881.6,0.9394
2022-03-25 20:35:55.739302,52.5,35.8,898.9,0.9396
2022-03-25 20:36:09.731353,52.3,35.8,883.4,0.9395
2022-03-25 20:36:23.723485,51.7,35.8,898.7,0.9398
2022-03-25 20:36:37.683124,52.8,35.8,882.7,0.9397
2022-03-25 20:36:51.675272,54.0,35.8,899.7,0.9398
2022-03-25 20:37:05.667414,52.8,35.8,883.1,0.9398
2022-03-25 20:37:19.627066,51.0,35.8,900.4,0.9400
2022-03-25 20:37:33.619246,50.6,35.8,881.8,0.9399
2022-03-25 20:37:47.611322,53.2,35.8,900.7,0.9401
2022-03-25 20:38:01.570983,54.9,35.8,881.7,0.9400
2022-03-25 20:38:15.563092,53.4,35.8,900.0,0.9402
2022-03-25 20:38:29.555239,50.3,35.8,880.9,0.9401
2022-03-25 20:38:43.514926,49.2,35.8,899.3,0.9403
2022-03-25 20:38:57.507005,49.7,35.8,882.1,0.9402
2022-03-25 20:39:11.499201,49.9,35.8,899.7,0.9405
2022-03-25 20:39:25.458783,50.3,35.8,882.6,0.9404
2022-03-25 20:39:39.450921,50.8,35.8,898.5,0.9406
2022-03-25 20:39:53.443056,50.6,35.8,882.7,0.9405
2022-03-25 20:40:07.402703,51.3,35.8,899.8,0.9407
2022-03-25 20:40:21.394780,51.6,35.8,882.7,0.9406
2022-03-25 20:40:35.386964,49.3,35.8,899.5,0.9408
2022-03-25 20:40:49.346189,47.8,35.8,882.2,0.9407
2022-03-25 20:41:03.338713,49.5,35.8,900.3,0.9410
2022-03-25 20:41:17.330895,50.9,35.8,882.1,0.9409
2022-03-25 20:41:31.290528,50.7,35.8,900.5,0.9411
2022-03-25 20:41:45.282622,51.8,35.8,881.7,0.9410
2022-03-25 20:41:59.274763,50.0,35.8,900.7,0.9412
2022-03-25 20:42:13.234391,49.4,35.8,881.6,0.9411
2022-03-25 20:42:27.226541,51.9,35.8,900.5,0.9413
2022-03-25 20:42:41.218657,52.2,35.8,881.3,0.9412
2022-03-25 20:42:55.178320,53.0,35.8,900.4,0.9415
2022-03-25 20:43:09.170394,55.3,35.8,881.7,0.9414
2022-03-25 20:43:23.162567,53.7,35.8,900.4,0.9416
2022-03-25 20:43:37.122172,51.6,35.8,881.1,0.9415
2022-03-25 20:43:51.114313,53.6,35.8,900.4,0.9417
2022-03-25 20:44:05.073537,56.0,35.8,881.9,0.9417
2022-03-25 20:44:19.066102,56.1,35.8,900.3,0.9419
2022-03-25 20:44:33.058209,54.9,35.8,881.5,0.9418
2022-03-25 20:44:47.017439,53.6,35.8,900.5,0.9420
