dateTime,temperature,pressure,humidity,altitude
2022-03-25 19:09:31.753326,28.31,98962.00,20.00,198.59
2022-03-25 19:09:41.784169,28.30,98962.00,19.00,198.59
2022-03-25 19:09:51.800207,28.31,98963.00,20.00,198.50
2022-03-25 19:10:01.831685,28.31,98958.00,20.00,198.93
2022-03-25 19:10:11.862572,28.31,98962.00,20.00,198.59
2022-03-25 19:10:21.893463,28.30,98964.00,19.00,198.42
2022-03-25 19:10:31.909817,28.23,98963.00,18.00,198.50
2022-03-25 19:10:41.940548,28.14,98965.00,18.00,198.33
2022-03-25 19:10:51.971822,28.07,98964.00,18.00,198.42
2022-03-25 19:11:01.988159,28.00,98958.00,18.00,198.93
2022-03-25 19:11:12.019356,27.94,98964.00,18.00,198.42
2022-03-25 19:11:22.050502,27.91,98961.00,19.00,198.67
2022-03-25 19:11:32.081730,27.90,98957.00,18.00,199.01
2022-03-25 19:11:42.097502,27.88,98959.00,18.00,198.84
2022-03-25 19:11:52.128699,27.86,98959.00,19.00,198.84
2022-03-25 19:12:02.160110,27.84,98960.00,19.00,198.76
2022-03-25 19:12:12.175611,27.85,98957.00,21.00,199.01
2022-03-25 19:12:22.206504,27.87,98957.00,20.00,199.01
2022-03-25 19:12:32.237452,27.86,98959.00,19.00,198.84
2022-03-25 19:12:42.268738,27.85,98955.00,20.00,199.18
2022-03-25 19:12:52.285131,27.79,98957.00,19.00,199.01
2022-03-25 19:13:02.316382,27.76,98966.00,19.00,198.25
2022-03-25 19:13:12.347353,27.77,98960.00,19.00,198.76
2022-03-25 19:13:22.363511,27.78,98958.00,20.00,198.93
2022-03-25 19:13:32.394891,27.82,98956.00,20.00,199.10
2022-03-25 19:13:42.426285,27.84,98953.00,19.00,199.35
2022-03-25 19:13:52.457425,27.82,98952.00,18.00,199.43
2022-03-25 19:14:02.473510,27.83,98954.00,19.00,199.27
2022-03-25 19:14:12.504567,27.84,98955.00,20.00,199.18
2022-03-25 19:14:22.535685,27.88,98954.00,21.00,199.27
2022-03-25 19:14:32.551994,27.90,98956.00,21.00,199.10
2022-03-25 19:14:42.582973,27.94,98956.00,20.00,199.10
2022-03-25 19:14:52.614363,27.97,98958.00,21.00,198.93
2022-03-25 19:15:02.630600,27.96,98961.00,19.00,198.67
2022-03-25 19:15:12.661877,27.95,98965.00,19.00,198.33
2022-03-25 19:15:22.693203,27.96,98960.00,18.00,198.76
2022-03-25 19:15:32.724200,27.97,98963.00,19.00,198.50
2022-03-25 19:15:42.740532,27.95,98959.00,19.00,198.84
2022-03-25 19:15:52.771625,27.96,98958.00,18.00,198.93
2022-03-25 19:16:02.802467,27.99,98959.00,21.00,198.84
2022-03-25 19:16:12.818026,27.99,98956.00,19.00,199.10
2022-03-25 19:16:22.848966,28.00,98955.00,20.00,199.18
2022-03-25 19:16:32.880224,28.02,98956.00,20.00,199.10
2022-03-25 19:16:42.911483,28.04,98954.00,20.00,199.27
2022-03-25 19:16:52.927923,28.02,98957.00,18.00,199.01
2022-03-25 19:17:02.959014,28.01,98956.00,19.00,199.10
2022-03-25 19:17:12.990107,27.98,98957.00,18.00,199.01
2022-03-25 19:17:23.006192,27.99,98952.00,19.00,199.43
2022-03-25 19:17:33.037576,28.04,98959.00,19.00,198.84
2022-03-25 19:17:43.068880,28.06,98955.00,20.00,199.18
2022-03-25 19:17:53.100205,28.11,98956.00,20.00,199.10
2022-03-25 19:18:03.116598,28.16,98955.00,21.00,199.18
2022-03-25 19:18:13.147621,28.16,98955.00,19.00,199.18
2022-03-25 19:18:23.178886,28.17,98956.00,18.00,199.10
2022-03-25 19:18:33.194952,28.18,98956.00,18.00,199.10
2022-03-25 19:18:43.226161,28.22,98959.00,19.00,198.84
2022-03-25 19:18:53.257320,28.26,98957.00,19.00,199.01
2022-03-25 19:19:03.273456,28.26,98954.00,19.00,199.27
2022-03-25 19:19:13.304609,28.30,98955.00,19.00,199.18
2022-03-25 19:19:23.335969,28.34,98956.00,19.00,199.10
2022-03-25 19:19:33.367255,28.39,98959.00,21.00,198.84
2022-03-25 19:19:43.383522,28.35,98956.00,18.00,199.10
2022-03-25 19:19:53.414993,28.35,98952.00,18.00,199.43
2022-03-25 19:20:03.445773,28.34,98953.00,18.00,199.35
2022-03-25 19:20:13.462112,28.32,98948.00,18.00,199.78
2022-03-25 19:20:23.492981,28.31,98953.00,18.00,199.35
2022-03-25 19:20:33.524256,28.33,98953.00,18.00,199.35
2022-03-25 19:20:43.540506,28.36,98952.00,19.00,199.43
2022-03-25 19:20:53.571675,28.39,98955.00,19.00,199.18
2022-03-25 19:21:03.602945,28.39,98950.00,18.00,199.60
2022-03-25 19:21:13.634071,28.40,98954.00,18.00,199.27
2022-03-25 19:21:23.649954,28.40,98950.00,18.00,199.60
2022-03-25 19:21:33.681118,28.42,98953.00,18.00,199.35
2022-03-25 19:21:43.712398,28.43,98953.00,18.00,199.35
2022-03-25 19:21:53.743786,28.44,98954.00,19.00,199.27
2022-03-25 19:22:03.760129,28.42,98952.00,18.00,199.43
2022-03-25 19:22:13.790954,28.39,98954.00,19.00,199.27
2022-03-25 19:22:23.822098,28.36,98954.00,19.00,199.27
2022-03-25 19:22:33.838192,28.32,98954.00,19.00,199.27
2022-03-25 19:22:43.869423,28.28,98952.00,18.00,199.43
2022-03-25 19:22:53.900644,28.30,98951.00,19.00,199.52
2022-03-25 19:23:03.931888,28.28,98951.00,18.00,199.52
2022-03-25 19:23:13.948050,28.27,98950.00,17.00,199.60
2022-03-25 19:23:23.979265,28.25,98951.00,17.00,199.52
2022-03-25 19:23:34.010865,28.25,98949.00,17.00,199.69
2022-03-25 19:23:44.027081,28.25,98946.00,17.00,199.94
2022-03-25 19:23:54.058290,28.24,98947.00,18.00,199.86
2022-03-25 19:24:04.089522,28.20,98951.00,18.00,199.52
2022-03-25 19:24:14.120567,28.16,98950.00,18.00,199.60
2022-03-25 19:24:24.136983,28.15,98950.00,17.00,199.60
2022-03-25 19:24:34.168250,28.13,98946.00,18.00,199.94
2022-03-25 19:24:44.199345,28.12,98950.00,19.00,199.60
2022-03-25 19:24:54.215771,28.10,98945.00,18.00,200.03
2022-03-25 19:25:04.246784,28.07,98946.00,18.00,199.94
2022-03-25 19:25:14.277950,28.05,98948.00,19.00,199.78
2022-03-25 19:25:24.294009,28.01,98946.00,19.00,199.94
2022-03-25 19:25:34.325307,27.98,98948.00,19.00,199.78
2022-03-25 19:25:44.356409,27.95,98946.00,18.00,199.94
2022-03-25 19:25:54.387724,27.91,98946.00,18.00,199.94
2022-03-25 19:26:04.403632,27.86,98946.00,17.00,199.94
2022-03-25 19:26:14.434767,27.87,98942.00,17.00,200.28
2022-03-25 19:26:24.465685,27.89,98941.00,18.00,200.37
2022-03-25 19:26:34.481836,27.90,98939.00,18.00,200.54
2022-03-25 19:26:44.512846,27.92,98940.00,20.00,200.45
2022-03-25 19:26:54.544272,27.92,98942.00,19.00,200.28
2022-03-25 19:27:04.575440,27.94,98939.00,19.00,200.54
2022-03-25 19:27:14.591668,27.96,98940.00,19.00,200.45
2022-03-25 19:27:24.622698,27.99,98940.00,19.00,200.45
2022-03-25 19:27:34.654234,28.01,98938.00,19.00,200.62
2022-03-25 19:27:44.670481,28.03,98937.00,18.00,200.71
2022-03-25 19:27:54.701729,28.04,98937.00,19.00,200.71
2022-03-25 19:28:04.732834,28.05,98937.00,18.00,200.71
2022-03-25 19:28:14.749073,28.04,98939.00,19.00,200.54
2022-03-25 19:28:24.780056,28.04,98934.00,19.00,200.96
2022-03-25 19:28:34.811293,28.06,98934.00,20.00,200.96
2022-03-25 19:28:44.842298,28.06,98936.00,19.00,200.79
2022-03-25 19:28:54.858209,28.05,98940.00,19.00,200.45
2022-03-25 19:29:04.889374,28.06,98938.00,19.00,200.62
2022-03-25 19:29:14.920577,28.07,98937.00,19.00,200.71
2022-03-25 19:29:24.936813,28.08,98936.00,20.00,200.79
2022-03-25 19:29:34.968233,28.05,98932.00,19.00,201.13
2022-03-25 19:29:44.999551,28.08,98934.00,21.00,200.96
2022-03-25 19:29:55.030779,28.11,98931.00,21.00,201.22
2022-03-25 19:30:05.046597,28.15,98933.00,20.00,201.05
2022-03-25 19:30:15.077395,28.14,98927.00,19.00,201.56
2022-03-25 19:30:25.108262,28.17,98929.00,20.00,201.39
2022-03-25 19:30:35.139553,28.20,98928.00,20.00,201.47
2022-03-25 19:30:45.155609,28.25,98930.00,22.00,201.30
2022-03-25 19:30:55.186795,28.28,98927.00,21.00,201.56
2022-03-25 19:31:05.218012,28.34,98926.00,20.00,201.64
2022-03-25 19:31:15.234147,28.24,98929.00,19.00,201.39
2022-03-25 19:31:25.265396,28.22,98930.00,19.00,201.30
2022-03-25 19:31:35.296827,28.21,98929.00,19.00,201.39
2022-03-25 19:31:45.312935,28.21,98926.00,19.00,201.64
2022-03-25 19:31:55.343962,28.16,98934.00,19.00,200.96
2022-03-25 19:32:05.374672,28.09,98931.00,18.00,201.22
2022-03-25 19:32:15.405769,28.05,98933.00,18.00,201.05
2022-03-25 19:32:25.422056,28.04,98933.00,19.00,201.05
2022-03-25 19:32:35.452895,28.08,98933.00,21.00,201.05
2022-03-25 19:32:45.484083,28.09,98931.00,19.00,201.22
2022-03-25 19:32:55.500422,28.11,98928.00,18.00,201.47
2022-03-25 19:33:05.531606,28.14,98929.00,21.00,201.39
2022-03-25 19:33:15.562488,28.16,98927.00,20.00,201.56
2022-03-25 19:33:25.578655,28.13,98928.00,19.00,201.47
2022-03-25 19:33:35.609974,28.12,98931.00,19.00,201.22
2022-03-25 19:33:45.641495,28.12,98926.00,19.00,201.64
2022-03-25 19:33:55.672637,28.12,98929.00,19.00,201.39
2022-03-25 19:34:05.688499,28.14,98927.00,20.00,201.56
2022-03-25 19:34:15.719838,28.14,98923.00,19.00,201.90
2022-03-25 19:34:25.750515,28.12,98925.00,18.00,201.73
2022-03-25 19:34:35.766400,28.13,98923.00,18.00,201.90
2022-03-25 19:34:45.797533,28.14,98922.00,18.00,201.98
2022-03-25 19:34:55.828871,28.15,98922.00,19.00,201.98
2022-03-25 19:35:05.859877,28.15,98920.00,18.00,202.15
2022-03-25 19:35:15.876055,28.16,98922.00,19.00,201.98
2022-03-25 19:35:25.906815,28.16,98920.00,19.00,202.15
2022-03-25 19:35:35.938125,28.16,98926.00,18.00,201.64
2022-03-25 19:35:45.969299,28.17,98923.00,18.00,201.90
2022-03-25 19:35:55.985719,28.19,98924.00,19.00,201.81
2022-03-25 19:36:06.016843,28.23,98923.00,20.00,201.90
2022-03-25 19:36:16.047924,28.27,98921.00,21.00,202.07
2022-03-25 19:36:26.064271,28.23,98926.00,18.00,201.64
2022-03-25 19:36:36.095461,28.22,98923.00,19.00,201.90
2022-03-25 19:36:46.126833,28.23,98919.00,20.00,202.24
2022-03-25 19:36:56.143120,28.21,98917.00,19.00,202.40
2022-03-25 19:37:06.174199,28.20,98920.00,19.00,202.15
2022-03-25 19:37:16.205463,28.19,98917.00,20.00,202.40
2022-03-25 19:37:26.236564,28.19,98915.00,19.00,202.58
2022-03-25 19:37:36.252974,28.18,98917.00,20.00,202.40
2022-03-25 19:37:46.284156,28.15,98916.00,20.00,202.49
2022-03-25 19:37:56.315369,28.12,98919.00,20.00,202.24
2022-03-25 19:38:06.331377,28.10,98917.00,19.00,202.40
2022-03-25 19:38:16.362135,28.14,98918.00,20.00,202.32
2022-03-25 19:38:26.392984,28.11,98915.00,19.00,202.58
2022-03-25 19:38:36.424143,28.06,98913.00,18.00,202.75
2022-03-25 19:38:46.440380,28.07,98916.00,19.00,202.49
2022-03-25 19:38:56.471673,28.09,98919.00,20.00,202.24
2022-03-25 19:39:06.502540,28.09,98916.00,19.00,202.49
2022-03-25 19:39:16.518649,28.07,98919.00,18.00,202.24
2022-03-25 19:39:26.549752,28.03,98918.00,19.00,202.32
2022-03-25 19:39:36.580811,28.04,98917.00,20.00,202.40
2022-03-25 19:39:46.611820,27.99,98915.00,19.00,202.58
2022-03-25 19:39:56.628103,27.97,98921.00,20.00,202.07
2022-03-25 19:40:06.659114,27.96,98917.00,19.00,202.40
2022-03-25 19:40:16.690024,27.98,98916.00,19.00,202.49
2022-03-25 19:40:26.705830,27.93,98918.00,19.00,202.32
2022-03-25 19:40:36.736999,27.94,98919.00,20.00,202.24
2022-03-25 19:40:46.768233,27.94,98915.00,19.00,202.58
2022-03-25 19:40:56.784367,27.94,98917.00,19.00,202.40
2022-03-25 19:41:06.815488,27.95,98914.00,19.00,202.66
2022-03-25 19:41:16.846668,28.00,98917.00,20.00,202.40
2022-03-25 19:41:26.862490,28.03,98915.00,20.00,202.58
2022-03-25 19:41:36.894092,28.02,98919.00,19.00,202.24
2022-03-25 19:41:46.925324,27.97,98915.00,19.00,202.58
2022-03-25 19:41:56.956682,27.99,98917.00,20.00,202.40
2022-03-25 19:42:06.972379,28.05,98912.00,20.00,202.83
2022-03-25 19:42:17.003341,28.09,98913.00,19.00,202.75
2022-03-25 19:42:27.034594,28.12,98912.00,19.00,202.83
2022-03-25 19:42:37.050881,28.11,98914.00,20.00,202.66
2022-03-25 19:42:47.082063,28.09,98914.00,18.00,202.66
2022-03-25 19:42:57.113550,28.11,98910.00,18.00,203.00
2022-03-25 19:43:07.129789,28.12,98908.00,18.00,203.17
2022-03-25 19:43:17.160921,28.17,98912.00,20.00,202.83
2022-03-25 19:43:27.192191,28.21,98912.00,21.00,202.83
2022-03-25 19:43:37.208015,28.22,98912.00,19.00,202.83
2022-03-25 19:43:47.239291,28.21,98914.00,18.00,202.66
2022-03-25 19:43:57.270738,28.24,98913.00,19.00,202.75
2022-03-25 19:44:07.301570,28.23,98915.00,19.00,202.58
2022-03-25 19:44:17.317606,28.19,98916.00,18.00,202.49
2022-03-25 19:44:27.348886,28.17,98913.00,18.00,202.75
2022-03-25 19:44:37.380242,28.16,98916.00,18.00,202.49
2022-03-25 19:44:47.396667,28.17,98913.00,18.00,202.75
2022-03-25 19:44:57.427859,28.18,98911.00,18.00,202.91
2022-03-25 19:45:07.459131,28.16,98910.00,18.00,203.00
2022-03-25 19:45:17.475071,28.17,98912.00,18.00,202.83
2022-03-25 19:45:27.506460,28.19,98913.00,18.00,202.75
2022-03-25 19:45:37.537501,28.21,98911.00,20.00,202.91
2022-03-25 19:45:47.568904,28.20,98913.00,18.00,202.75
2022-03-25 19:45:57.585244,28.22,98910.00,20.00,203.00
2022-03-25 19:46:07.616301,28.22,98908.00,19.00,203.17
2022-03-25 19:46:17.647251,28.23,98908.00,19.00,203.17
2022-03-25 19:46:27.663434,28.22,98903.00,19.00,203.59
2022-03-25 19:46:37.694671,28.24,98903.00,19.00,203.59
2022-03-25 19:46:47.726039,28.24,98908.00,18.00,203.17
2022-03-25 19:46:57.742303,28.25,98908.00,18.00,203.17
2022-03-25 19:47:07.773469,28.27,98909.00,19.00,203.08
2022-03-25 19:47:17.804615,28.28,98905.00,18.00,203.42
2022-03-25 19:47:27.820967,28.30,98905.00,19.00,203.42
2022-03-25 19:47:37.852185,28.31,98904.00,19.00,203.51
2022-03-25 19:47:47.883532,28.35,98906.00,20.00,203.34
2022-03-25 19:47:57.900038,28.35,98904.00,18.00,203.51
2022-03-25 19:48:07.930960,28.33,98905.00,18.00,203.42
2022-03-25 19:48:17.961796,28.35,98905.00,18.00,203.42
2022-03-25 19:48:27.992879,28.38,98903.00,18.00,203.59
2022-03-25 19:48:38.009196,28.39,98901.00,18.00,203.76
2022-03-25 19:48:48.040725,28.41,98904.00,18.00,203.51
2022-03-25 19:48:58.071948,28.43,98903.00,18.00,203.59
2022-03-25 19:49:08.088289,28.46,98898.00,18.00,204.02
2022-03-25 19:49:18.119611,28.48,98899.00,18.00,203.93
2022-03-25 19:49:28.150829,28.51,98902.00,19.00,203.68
2022-03-25 19:49:38.167275,28.49,98900.00,18.00,203.85
2022-03-25 19:49:48.198527,28.48,98902.00,19.00,203.68
2022-03-25 19:49:58.229619,28.44,98900.00,19.00,203.85
2022-03-25 19:50:08.245560,28.45,98900.00,18.00,203.85
2022-03-25 19:50:18.276610,28.46,98898.00,19.00,204.02
2022-03-25 19:50:28.307960,28.44,98897.00,19.00,204.10
2022-03-25 19:50:38.338979,28.40,98899.00,19.00,203.93
2022-03-25 19:50:48.355081,28.35,98903.00,19.00,203.59
2022-03-25 19:50:58.386244,28.34,98900.00,19.00,203.85
2022-03-25 19:51:08.417459,28.32,98900.00,20.00,203.85
2022-03-25 19:51:18.433497,28.30,98897.00,19.00,204.10
2022-03-25 19:51:28.464827,28.28,98899.00,19.00,203.93
2022-03-25 19:51:38.496008,28.26,98902.00,19.00,203.68
2022-03-25 19:51:48.527316,28.22,98898.00,19.00,204.02
2022-03-25 19:51:58.543490,28.16,98898.00,19.00,204.02
2022-03-25 19:52:08.574255,28.13,98898.00,18.00,204.02
2022-03-25 19:52:18.605136,28.10,98900.00,19.00,203.85
2022-03-25 19:52:28.621370,28.09,98899.00,20.00,203.93
2022-03-25 19:52:38.652779,28.05,98896.00,19.00,204.19
2022-03-25 19:52:48.684078,28.04,98894.00,19.00,204.36
2022-03-25 19:52:58.700550,28.06,98896.00,20.00,204.19
2022-03-25 19:53:08.731643,28.08,98894.00,19.00,204.36
2022-03-25 19:53:18.762785,28.11,98893.00,20.00,204.44
2022-03-25 19:53:28.794092,28.11,98895.00,19.00,204.27
2022-03-25 19:53:38.810410,28.09,98893.00,19.00,204.44
2022-03-25 19:53:48.841734,28.09,98894.00,20.00,204.36
2022-03-25 19:53:58.872781,28.08,98890.00,20.00,204.70
2022-03-25 19:54:08.888567,28.05,98891.00,20.00,204.61
2022-03-25 19:54:18.919028,28.01,98891.00,19.00,204.61
2022-03-25 19:54:28.950147,28.01,98890.00,20.00,204.70
2022-03-25 19:54:38.981295,27.98,98891.00,20.00,204.61
2022-03-25 19:54:48.997461,27.98,98893.00,19.00,204.44
2022-03-25 19:54:59.028749,27.98,98893.00,19.00,204.44
2022-03-25 19:55:09.060265,27.96,98890.00,19.00,204.70
2022-03-25 19:55:19.076752,27.95,98890.00,20.00,204.70
2022-03-25 19:55:29.107996,27.96,98892.00,20.00,204.53
2022-03-25 19:55:39.139118,27.97,98890.00,19.00,204.70
2022-03-25 19:55:49.155616,27.97,98892.00,20.00,204.53
2022-03-25 19:55:59.186717,27.98,98888.00,20.00,204.87
2022-03-25 19:56:09.217853,28.02,98885.00,22.00,205.12
2022-03-25 19:56:19.248869,28.05,98890.00,19.00,204.70
2022-03-25 19:56:29.265284,28.05,98891.00,18.00,204.61
2022-03-25 19:56:39.296780,28.09,98891.00,20.00,204.61
2022-03-25 19:56:49.328212,28.10,98891.00,20.00,204.61
2022-03-25 19:56:59.344444,28.09,98892.00,19.00,204.53
2022-03-25 19:57:09.375343,28.01,98889.00,18.00,204.78
2022-03-25 19:57:19.406304,28.00,98886.00,18.00,205.04
2022-03-25 19:57:29.422641,28.01,98890.00,19.00,204.70
2022-03-25 19:57:39.454055,28.03,98887.00,20.00,204.95
2022-03-25 19:57:49.485041,28.04,98887.00,20.00,204.95
2022-03-25 19:57:59.501571,28.06,98890.00,21.00,204.70
2022-03-25 19:58:09.532287,28.08,98888.00,20.00,204.87
2022-03-25 19:58:19.563164,28.10,98885.00,19.00,205.12
2022-03-25 19:58:29.579444,28.12,98888.00,19.00,204.87
2022-03-25 19:58:39.610466,28.11,98883.00,18.00,205.29
2022-03-25 19:58:49.641554,28.13,98887.00,18.00,204.95
2022-03-25 19:58:59.657820,28.14,98886.00,18.00,205.04
2022-03-25 19:59:09.688660,28.16,98883.00,18.00,205.29
2022-03-25 19:59:19.720126,28.15,98886.00,18.00,205.04
2022-03-25 19:59:29.751303,28.16,98884.00,17.00,205.21
2022-03-25 19:59:39.767867,28.17,98881.00,18.00,205.46
2022-03-25 19:59:49.798933,28.21,98884.00,18.00,205.21
2022-03-25 19:59:59.830111,28.22,98880.00,18.00,205.55
2022-03-25 20:00:09.846021,28.25,98881.00,18.00,205.46
2022-03-25 20:00:19.877082,28.27,98879.00,18.00,205.63
2022-03-25 20:00:29.907763,28.30,98880.00,18.00,205.55
2022-03-25 20:00:39.924142,28.31,98882.00,18.00,205.38
2022-03-25 20:00:49.955510,28.32,98879.00,18.00,205.63
2022-03-25 20:00:59.986719,28.35,98881.00,18.00,205.46
2022-03-25 20:01:10.017787,28.37,98880.00,18.00,205.55
2022-03-25 20:01:20.033867,28.35,98879.00,18.00,205.63
2022-03-25 20:01:30.065136,28.34,98879.00,18.00,205.63
2022-03-25 20:01:40.096232,28.35,98879.00,18.00,205.63
2022-03-25 20:01:50.112823,28.37,98880.00,18.00,205.55
2022-03-25 20:02:00.143957,28.39,98880.00,19.00,205.55
2022-03-25 20:02:10.174878,28.41,98880.00,20.00,205.55
2022-03-25 20:02:20.191123,28.45,98878.00,22.00,205.72
2022-03-25 20:02:30.222351,28.45,98882.00,18.00,205.38
2022-03-25 20:02:40.253870,28.46,98882.00,18.00,205.38
2022-03-25 20:02:50.285141,28.47,98879.00,18.00,205.63
2022-03-25 20:03:00.301392,28.46,98880.00,19.00,205.55
2022-03-25 20:03:10.332565,28.46,98878.00,18.00,205.72
2022-03-25 20:03:20.363695,28.47,98876.00,18.00,205.89
2022-03-25 20:03:30.380194,28.48,98875.00,18.00,205.97
2022-03-25 20:03:40.411381,28.51,98876.00,18.00,205.89
2022-03-25 20:03:50.442571,28.52,98876.00,19.00,205.89
2022-03-25 20:04:00.473690,28.55,98874.00,19.00,206.06
2022-03-25 20:04:10.489729,28.61,98879.00,21.00,205.63
2022-03-25 20:04:20.520780,28.71,98877.00,22.00,205.80
2022-03-25 20:04:30.552210,28.62,98874.00,19.00,206.06
2022-03-25 20:04:40.568580,28.67,98876.00,21.00,205.89
2022-03-25 20:04:50.599838,28.73,98875.00,21.00,205.97
2022-03-25 20:05:00.631113,28.75,98872.00,19.00,206.23
2022-03-25 20:05:10.662103,28.77,98873.00,19.00,206.14
2022-03-25 20:05:20.678306,28.82,98874.00,22.00,206.06
2022-03-25 20:05:30.709700,28.85,98870.00,21.00,206.39
2022-03-25 20:05:40.741195,28.88,98869.00,20.00,206.48
2022-03-25 20:05:50.757197,28.90,98870.00,19.00,206.39
2022-03-25 20:06:00.788416,28.92,98871.00,20.00,206.31
2022-03-25 20:06:10.819263,28.95,98868.00,20.00,206.57
2022-03-25 20:06:20.835584,28.94,98869.00,19.00,206.48
2022-03-25 20:06:30.866780,28.97,98870.00,20.00,206.39
2022-03-25 20:06:40.898122,28.96,98868.00,20.00,206.57
2022-03-25 20:06:50.914336,28.99,98867.00,20.00,206.65
2022-03-25 20:07:00.945586,29.01,98869.00,20.00,206.48
2022-03-25 20:07:10.977097,29.05,98867.00,22.00,206.65
2022-03-25 20:07:21.008353,29.09,98866.00,21.00,206.74
2022-03-25 20:07:31.024794,29.09,98867.00,20.00,206.65
2022-03-25 20:07:41.056257,29.10,98868.00,19.00,206.57
2022-03-25 20:07:51.087807,29.10,98870.00,20.00,206.39
2022-03-25 20:08:01.104161,29.03,98869.00,19.00,206.48
2022-03-25 20:08:11.135306,28.97,98870.00,19.00,206.39
2022-03-25 20:08:21.166448,28.94,98872.00,19.00,206.23
2022-03-25 20:08:31.197731,28.85,98871.00,18.00,206.31
2022-03-25 20:08:41.214101,28.78,98871.00,19.00,206.31
2022-03-25 20:08:51.245257,28.77,98867.00,19.00,206.65
2022-03-25 20:09:01.276505,28.77,98867.00,19.00,206.65
2022-03-25 20:09:11.292822,28.77,98868.00,19.00,206.57
2022-03-25 20:09:21.323993,28.75,98866.00,19.00,206.74
2022-03-25 20:09:31.355294,28.75,98866.00,18.00,206.74
2022-03-25 20:09:41.371513,28.74,98867.00,20.00,206.65
2022-03-25 20:09:51.402881,28.69,98861.00,19.00,207.16
2022-03-25 20:10:01.434200,28.67,98865.00,20.00,206.82
2022-03-25 20:10:11.465041,28.67,98868.00,19.00,206.57
2022-03-25 20:10:21.481209,28.66,98867.00,19.00,206.65
2022-03-25 20:10:31.511984,28.65,98867.00,20.00,206.65
2022-03-25 20:10:41.543496,28.61,98867.00,21.00,206.65
2022-03-25 20:10:51.559772,28.62,98865.00,21.00,206.82
2022-03-25 20:11:01.590994,28.65,98865.00,20.00,206.82
2022-03-25 20:11:11.622402,28.65,98866.00,19.00,206.74
2022-03-25 20:11:21.653492,28.64,98862.00,19.00,207.07
2022-03-25 20:11:31.669839,28.67,98862.00,20.00,207.07
2022-03-25 20:11:41.700968,28.61,98863.00,19.00,206.99
2022-03-25 20:11:51.732362,28.65,98864.00,19.00,206.90
2022-03-25 20:12:01.748640,28.60,98864.00,19.00,206.90
2022-03-25 20:12:11.779706,28.58,98864.00,19.00,206.90
2022-03-25 20:12:21.810826,28.60,98864.00,20.00,206.90
2022-03-25 20:12:31.842020,28.59,98862.00,19.00,207.07
2022-03-25 20:12:41.858388,28.58,98864.00,18.00,206.90
2022-03-25 20:12:51.889570,28.57,98863.00,19.00,206.99
2022-03-25 20:13:01.920907,28.54,98859.00,19.00,207.33
2022-03-25 20:13:11.937338,28.55,98860.00,19.00,207.25
2022-03-25 20:13:21.968795,28.57,98861.00,19.00,207.16
2022-03-25 20:13:32.000024,28.59,98863.00,19.00,206.99
2022-03-25 20:13:42.016327,28.60,98860.00,19.00,207.25
2022-03-25 20:13:52.047610,28.60,98858.00,19.00,207.41
2022-03-25 20:14:02.078817,28.60,98858.00,19.00,207.41
2022-03-25 20:14:12.094699,28.60,98862.00,19.00,207.07
2022-03-25 20:14:22.125877,28.63,98861.00,19.00,207.16
2022-03-25 20:14:32.157310,28.64,98860.00,21.00,207.25
2022-03-25 20:14:42.188536,28.63,98861.00,19.00,207.16
2022-03-25 20:14:52.205169,28.65,98861.00,18.00,207.16
2022-03-25 20:15:02.236514,28.65,98863.00,18.00,206.99
2022-03-25 20:15:12.267501,28.65,98865.00,18.00,206.82
2022-03-25 20:15:22.284051,28.65,98860.00,19.00,207.25
2022-03-25 20:15:32.315138,28.68,98863.00,19.00,206.99
2022-03-25 20:15:42.346644,28.72,98860.00,20.00,207.25
2022-03-25 20:15:52.362698,28.75,98861.00,21.00,207.16
2022-03-25 20:16:02.394170,28.75,98861.00,19.00,207.16
2022-03-25 20:16:12.425250,28.74,98862.00,19.00,207.07
2022-03-25 20:16:22.456290,28.74,98861.00,20.00,207.16
2022-03-25 20:16:32.472686,28.74,98860.00,20.00,207.25
2022-03-25 20:16:42.503861,28.71,98858.00,19.00,207.41
2022-03-25 20:16:52.534945,28.71,98860.00,19.00,207.25
2022-03-25 20:17:02.551357,28.71,98860.00,20.00,207.25
2022-03-25 20:17:12.582682,28.69,98861.00,20.00,207.16
2022-03-25 20:17:22.613797,28.70,98862.00,20.00,207.07
2022-03-25 20:17:32.645192,28.67,98861.00,20.00,207.16
2022-03-25 20:17:42.661465,28.68,98865.00,20.00,206.82
2022-03-25 20:17:52.693072,28.70,98863.00,20.00,206.99
2022-03-25 20:18:02.724175,28.73,98863.00,21.00,206.99
2022-03-25 20:18:12.740084,28.76,98864.00,22.00,206.90
2022-03-25 20:18:22.771100,28.74,98866.00,19.00,206.74
2022-03-25 20:18:32.802402,28.75,98864.00,20.00,206.90
2022-03-25 20:18:42.818570,28.74,98862.00,19.00,207.07
2022-03-25 20:18:52.850064,28.72,98862.00,19.00,207.07
2022-03-25 20:19:02.880846,28.67,98864.00,18.00,206.90
2022-03-25 20:19:12.912160,28.66,98861.00,18.00,207.16
2022-03-25 20:19:22.928477,28.63,98863.00,17.00,206.99
2022-03-25 20:19:32.959745,28.62,98861.00,18.00,207.16
2022-03-25 20:19:42.990897,28.60,98865.00,18.00,206.82
2022-03-25 20:19:53.007471,28.60,98861.00,20.00,207.16
2022-03-25 20:20:03.038858,28.62,98861.00,20.00,207.16
2022-03-25 20:20:13.069487,28.58,98861.00,18.00,207.16
2022-03-25 20:20:23.100461,28.56,98861.00,19.00,207.16
2022-03-25 20:20:33.117066,28.49,98863.00,18.00,206.99
2022-03-25 20:20:43.148463,28.46,98863.00,18.00,206.99
2022-03-25 20:20:53.179862,28.43,98860.00,18.00,207.25
2022-03-25 20:21:03.196014,28.42,98860.00,19.00,207.25
2022-03-25 20:21:13.227243,28.40,98860.00,19.00,207.25
2022-03-25 20:21:23.258481,28.39,98858.00,19.00,207.41
2022-03-25 20:21:33.289992,28.38,98857.00,19.00,207.50
2022-03-25 20:21:43.306277,28.38,98861.00,20.00,207.16
2022-03-25 20:21:53.337568,28.36,98861.00,20.00,207.16
2022-03-25 20:22:03.368840,28.35,98863.00,19.00,206.99
2022-03-25 20:22:13.384863,28.33,98861.00,20.00,207.16
2022-03-25 20:22:23.415805,28.36,98863.00,21.00,206.99
2022-03-25 20:22:33.446978,28.38,98859.00,20.00,207.33
2022-03-25 20:22:43.463511,28.40,98860.00,20.00,207.25
2022-03-25 20:22:53.494128,28.41,98863.00,21.00,206.99
2022-03-25 20:23:03.525419,28.38,98861.00,18.00,207.16
2022-03-25 20:23:13.556793,28.40,98858.00,19.00,207.41
2022-03-25 20:23:23.572949,28.39,98861.00,18.00,207.16
2022-03-25 20:23:33.604255,28.43,98861.00,20.00,207.16
2022-03-25 20:23:43.635421,28.45,98859.00,20.00,207.33
2022-03-25 20:23:53.651651,28.46,98863.00,20.00,206.99
2022-03-25 20:24:03.683096,28.49,98862.00,19.00,207.07
2022-03-25 20:24:13.713483,28.50,98860.00,20.00,207.25
2022-03-25 20:24:23.744573,28.51,98859.00,20.00,207.33
2022-03-25 20:24:33.760884,28.53,98861.00,19.00,207.16
2022-03-25 20:24:43.792132,28.55,98861.00,19.00,207.16
2022-03-25 20:24:53.808728,28.58,98862.00,19.00,207.07
2022-03-25 20:25:03.840006,28.60,98860.00,19.00,207.25
2022-03-25 20:25:13.871076,28.60,98860.00,18.00,207.25
2022-03-25 20:25:23.887306,28.59,98860.00,18.00,207.25
2022-03-25 20:25:33.918806,28.58,98861.00,18.00,207.16
2022-03-25 20:25:43.950212,28.60,98862.00,20.00,207.07
2022-03-25 20:25:53.981370,28.62,98858.00,20.00,207.41
2022-03-25 20:26:03.997593,28.60,98863.00,19.00,206.99
2022-03-25 20:26:14.028898,28.60,98858.00,18.00,207.41
2022-03-25 20:26:24.060190,28.55,98858.00,18.00,207.41
2022-03-25 20:26:34.076559,28.54,98856.00,18.00,207.58
2022-03-25 20:26:44.107918,28.53,98859.00,18.00,207.33
2022-03-25 20:26:54.139294,28.52,98856.00,19.00,207.58
2022-03-25 20:27:04.170356,28.54,98857.00,20.00,207.50
2022-03-25 20:27:14.186588,28.54,98854.00,20.00,207.75
2022-03-25 20:27:24.217871,28.52,98854.00,20.00,207.75
2022-03-25 20:27:34.249356,28.53,98856.00,20.00,207.58
2022-03-25 20:27:44.265932,28.52,98854.00,19.00,207.75
2022-03-25 20:27:54.297064,28.53,98852.00,20.00,207.92
2022-03-25 20:28:04.328183,28.56,98859.00,20.00,207.33
2022-03-25 20:28:14.359269,28.59,98852.00,22.00,207.92
2022-03-25 20:28:24.375292,28.59,98854.00,20.00,207.75
2022-03-25 20:28:34.406560,28.56,98852.00,19.00,207.92
2022-03-25 20:28:44.437959,28.59,98855.00,20.00,207.67
2022-03-25 20:28:54.454465,28.60,98855.00,19.00,207.67
2022-03-25 20:29:04.485573,28.60,98854.00,18.00,207.75
2022-03-25 20:29:14.516967,28.62,98848.00,18.00,208.26
2022-03-25 20:29:24.533109,28.65,98854.00,18.00,207.75
2022-03-25 20:29:34.564439,28.68,98850.00,18.00,208.09
2022-03-25 20:29:44.595988,28.70,98850.00,20.00,208.09
2022-03-25 20:29:54.627400,28.72,98854.00,20.00,207.75
2022-03-25 20:30:04.643324,28.71,98852.00,18.00,207.92
2022-03-25 20:30:14.674502,28.66,98854.00,18.00,207.75
2022-03-25 20:30:24.705160,28.62,98851.00,18.00,208.01
2022-03-25 20:30:34.736507,28.61,98853.00,18.00,207.84
2022-03-25 20:30:44.753009,28.60,98852.00,18.00,207.92
2022-03-25 20:30:54.784396,28.61,98853.00,19.00,207.84
2022-03-25 20:31:04.815652,28.63,98853.00,19.00,207.84
2022-03-25 20:31:14.832020,28.66,98854.00,20.00,207.75
2022-03-25 20:31:24.863114,28.68,98852.00,19.00,207.92
2022-03-25 20:31:34.894612,28.71,98851.00,20.00,208.01
2022-03-25 20:31:44.910587,28.72,98854.00,20.00,207.75
2022-03-25 20:31:54.941841,28.71,98854.00,19.00,207.75
2022-03-25 20:32:04.973000,28.67,98850.00,18.00,208.09
2022-03-25 20:32:15.004270,28.63,98849.00,18.00,208.18
2022-03-25 20:32:25.020489,28.65,98850.00,18.00,208.09
2022-03-25 20:32:35.051685,28.63,98852.00,18.00,207.92
2022-03-25 20:32:45.082923,28.65,98852.00,19.00,207.92
2022-03-25 20:32:55.099441,28.67,98854.00,19.00,207.75
2022-03-25 20:33:05.130704,28.71,98854.00,21.00,207.75
2022-03-25 20:33:15.162039,28.72,98854.00,19.00,207.75
2022-03-25 20:33:25.178128,28.72,98850.00,19.00,208.09
2022-03-25 20:33:35.209797,28.71,98852.00,19.00,207.92
2022-03-25 20:33:45.241022,28.70,98850.00,18.00,208.09
2022-03-25 20:33:55.272483,28.70,98850.00,18.00,208.09
2022-03-25 20:34:05.288726,28.71,98849.00,19.00,208.18
2022-03-25 20:34:15.320307,28.72,98850.00,19.00,208.09
2022-03-25 20:34:25.351322,28.69,98854.00,19.00,207.75
2022-03-25 20:34:35.367584,28.71,98851.00,19.00,208.01
2022-03-25 20:34:45.398920,28.71,98852.00,19.00,207.92
2022-03-25 20:34:55.430171,28.72,98848.00,19.00,208.26
2022-03-25 20:35:05.461302,28.76,98848.00,20.00,208.26
2022-03-25 20:35:15.477320,28.79,98847.00,20.00,208.35
2022-03-25 20:35:25.508451,28.80,98852.00,19.00,207.92
2022-03-25 20:35:35.539605,28.79,98851.00,19.00,208.01
2022-03-25 20:35:45.555853,28.78,98851.00,19.00,208.01
2022-03-25 20:35:55.587548,28.78,98848.00,20.00,208.26
2022-03-25 20:36:05.618473,28.79,98851.00,19.00,208.01
2022-03-25 20:36:15.649418,28.82,98847.00,20.00,208.35
2022-03-25 20:36:25.665733,28.82,98846.00,19.00,208.43
2022-03-25 20:36:35.697088,28.82,98850.00,19.00,208.09
2022-03-25 20:36:45.728285,28.84,98851.00,20.00,208.01
2022-03-25 20:36:55.744541,28.83,98854.00,18.00,207.75
2022-03-25 20:37:05.775901,28.79,98853.00,18.00,207.84
2022-03-25 20:37:15.806912,28.78,98853.00,18.00,207.84
2022-03-25 20:37:25.838112,28.78,98854.00,18.00,207.75
2022-03-25 20:37:35.854525,28.77,98856.00,19.00,207.58
2022-03-25 20:37:45.885774,28.79,98855.00,19.00,207.67
2022-03-25 20:37:55.916981,28.75,98852.00,18.00,207.92
2022-03-25 20:38:05.932956,28.72,98852.00,18.00,207.92
2022-03-25 20:38:15.964413,28.72,98852.00,18.00,207.92
2022-03-25 20:38:25.995639,28.72,98849.00,19.00,208.18
2022-03-25 20:38:36.026817,28.73,98852.00,18.00,207.92
2022-03-25 20:38:46.042848,28.77,98851.00,21.00,208.01
2022-03-25 20:38:56.074228,28.77,98852.00,20.00,207.92
2022-03-25 20:39:06.105560,28.74,98853.00,19.00,207.84
2022-03-25 20:39:16.121824,28.74,98855.00,20.00,207.67
2022-03-25 20:39:26.153049,28.76,98855.00,20.00,207.67
2022-03-25 20:39:36.184547,28.77,98851.00,19.00,208.01
2022-03-25 20:39:46.215958,28.77,98851.00,18.00,208.01
2022-03-25 20:39:56.232269,28.80,98849.00,19.00,208.18
2022-03-25 20:40:06.263615,28.85,98852.00,21.00,207.92
2022-03-25 20:40:16.294232,28.86,98851.00,21.00,208.01
2022-03-25 20:40:26.310570,28.86,98846.00,20.00,208.43
2022-03-25 20:40:36.341634,28.89,98846.00,19.00,208.43
2022-03-25 20:40:46.372819,28.91,98847.00,19.00,208.35
2022-03-25 20:40:56.404332,28.92,98848.00,18.00,208.26
2022-03-25 20:41:06.420156,28.92,98847.00,19.00,208.35
2022-03-25 20:41:16.451668,28.92,98846.00,20.00,208.43
2022-03-25 20:41:26.483053,28.92,98847.00,19.00,208.35
2022-03-25 20:41:36.499108,28.93,98845.00,18.00,208.52
2022-03-25 20:41:46.530452,28.93,98844.00,19.00,208.60
2022-03-25 20:41:56.561642,28.94,98845.00,18.00,208.52
2022-03-25 20:42:06.592821,28.95,98843.00,19.00,208.69
2022-03-25 20:42:16.608815,28.93,98844.00,18.00,208.60
2022-03-25 20:42:26.640058,28.95,98846.00,19.00,208.43
2022-03-25 20:42:36.670993,28.98,98847.00,20.00,208.35
2022-03-25 20:42:46.687345,29.00,98845.00,20.00,208.52
2022-03-25 20:42:56.718692,29.02,98842.00,19.00,208.77
2022-03-25 20:43:06.749847,29.04,98843.00,20.00,208.69
2022-03-25 20:43:16.766116,29.07,98844.00,21.00,208.60
2022-03-25 20:43:26.797485,29.10,98843.00,20.00,208.69
2022-03-25 20:43:36.829075,29.09,98841.00,20.00,208.86
2022-03-25 20:43:46.860159,29.12,98841.00,19.00,208.86
2022-03-25 20:43:56.876392,29.14,98841.00,20.00,208.86
2022-03-25 20:44:06.907459,29.14,98844.00,19.00,208.60
2022-03-25 20:44:16.938666,29.13,98838.00,18.00,209.11
2022-03-25 20:44:26.954687,29.13,98839.00,20.00,209.03
2022-03-25 20:44:36.985713,29.13,98839.00,19.00,209.03
2022-03-25 20:44:47.017062,29.18,98841.00,20.00,208.86
