dateTime,countPerMinute,radiationValue,timeSpent,LIBRADCount
2022-03-25 19:09:31.780803,18.0000,0.1462,10000,3
2022-03-25 19:09:41.941524,30.0000,0.2436,10000,5
2022-03-25 19:09:52.086879,18.0000,0.1462,10000,3
2022-03-25 19:10:02.247411,0.0000,0.0000,10000,0
2022-03-25 19:10:12.392683,18.0000,0.1462,10000,3
2022-03-25 19:10:22.553444,18.0000,0.1462,10000,3
2022-03-25 19:10:32.698867,24.0000,0.1949,10000,4
2022-03-25 19:10:42.859490,12.0000,0.0974,10000,2
2022-03-25 19:10:53.004822,18.0000,0.1462,10000,3
2022-03-25 19:11:03.150132,18.0000,0.1462,10000,3
2022-03-25 19:11:13.310906,36.0000,0.2923,10000,6
2022-03-25 19:11:23.456232,24.0000,0.1949,10000,4
2022-03-25 19:11:33.616819,0.0000,0.0000,10000,0
2022-03-25 19:11:43.762212,18.0000,0.1462,10000,3
2022-03-25 19:11:53.922956,18.0000,0.1462,10000,3
2022-03-25 19:12:04.068357,24.0000,0.1949,10000,4
2022-03-25 19:12:14.229088,24.0000,0.1949,10000,4
2022-03-25 19:12:24.374445,24.0000,0.1949,10000,4
2022-03-25 19:12:34.535227,18.0000,0.1462,10000,3
2022-03-25 19:12:44.680555,18.0000,0.1462,10000,3
2022-03-25 19:12:54.841317,6.0000,0.0487,10000,1
2022-03-25 19:13:04.986787,24.0000,0.1949,10000,4
2022-03-25 19:13:15.147523,18.0000,0.1462,10000,3
2022-03-25 19:13:25.292822,6.0000,0.0487,10000,1
2022-03-25 19:13:35.453646,12.0000,0.0974,10000,2
2022-03-25 19:13:45.599224,12.0000,0.0974,10000,2
2022-03-25 19:13:55.759581,0.0000,0.0000,10000,0
2022-03-25 19:14:05.904989,12.0000,0.0974,10000,2
2022-03-25 19:14:16.065757,18.0000,0.1462,10000,3
2022-03-25 19:14:26.211017,30.0000,0.2436,10000,5
2022-03-25 19:14:36.371714,30.0000,0.2436,10000,5
2022-03-25 19:14:46.517112,24.0000,0.1949,10000,4
2022-03-25 19:14:56.662538,18.0000,0.1462,10000,3
2022-03-25 19:15:06.823106,0.0000,0.0000,10000,0
2022-03-25 19:15:16.968519,24.0000,0.1949,10000,4
2022-03-25 19:15:27.129246,12.0000,0.0974,10000,2
2022-03-25 19:15:37.274572,6.0000,0.0487,10000,1
2022-03-25 19:15:47.435253,24.0000,0.1949,10000,4
2022-03-25 19:15:57.580582,6.0000,0.0487,10000,1
2022-03-25 19:16:07.741580,6.0000,0.0487,10000,1
2022-03-25 19:16:17.887327,12.0000,0.0974,10000,2
2022-03-25 19:16:28.047771,18.0000,0.1462,10000,3
2022-03-25 19:16:38.192993,6.0000,0.0487,10000,1
2022-03-25 19:16:48.353667,0.0000,0.0000,10000,0
2022-03-25 19:16:58.499099,30.0000,0.2436,10000,5
2022-03-25 19:17:08.659844,30.0000,0.2436,10000,5
2022-03-25 19:17:18.805157,24.0000,0.1949,10000,4
2022-03-25 19:17:28.966070,36.0000,0.2923,10000,6
2022-03-25 19:17:39.111561,30.0000,0.2436,10000,5
2022-03-25 19:17:49.272053,30.0000,0.2436,10000,5
2022-03-25 19:17:59.417584,12.0000,0.0974,10000,2
2022-03-25 19:18:09.578177,6.0000,0.0487,10000,1
2022-03-25 19:18:19.723626,12.0000,0.0974,10000,2
2022-03-25 19:18:29.868745,6.0000,0.0487,10000,1
2022-03-25 19:18:40.029512,6.0000,0.0487,10000,1
2022-03-25 19:18:50.174901,6.0000,0.0487,10000,1
2022-03-25 19:19:00.335560,12.0000,0.0974,10000,2
2022-03-25 19:19:10.480807,6.0000,0.0487,10000,1
2022-03-25 19:19:20.641536,0.0000,0.0000,10000,0
2022-03-25 19:19:30.787003,30.0000,0.2436,10000,5
2022-03-25 19:19:40.947851,12.0000,0.0974,10000,2
2022-03-25 19:19:51.093046,24.0000,0.1949,10000,4
2022-03-25 19:20:01.253698,12.0000,0.0974,10000,2
2022-03-25 19:20:11.399084,12.0000,0.0974,10000,2
2022-03-25 19:20:21.559844,12.0000,0.0974,10000,2
2022-03-25 19:20:31.705220,24.0000,0.1949,10000,4
2022-03-25 19:20:41.865963,12.0000,0.0974,10000,2
2022-03-25 19:20:52.011599,18.0000,0.1462,10000,3
2022-03-25 19:21:02.172291,30.0000,0.2436,10000,5
2022-03-25 19:21:12.317567,12.0000,0.0974,10000,2
2022-03-25 19:21:22.478316,6.0000,0.0487,10000,1
2022-03-25 19:21:32.623909,30.0000,0.2436,10000,5
2022-03-25 19:21:42.784211,6.0000,0.0487,10000,1
2022-03-25 19:21:52.929524,24.0000,0.1949,10000,4
2022-03-25 19:22:03.090172,30.0000,0.2436,10000,5
2022-03-25 19:22:13.235423,0.0000,0.0000,10000,0
2022-03-25 19:22:23.380697,6.0000,0.0487,10000,1
2022-03-25 19:22:33.541569,0.0000,0.0000,10000,0
2022-03-25 19:22:43.687098,6.0000,0.0487,10000,1
2022-03-25 19:22:53.847668,24.0000,0.1949,10000,4
2022-03-25 19:23:03.993188,12.0000,0.0974,10000,2
2022-03-25 19:23:14.153658,18.0000,0.1462,10000,3
2022-03-25 19:23:24.299015,24.0000,0.1949,10000,4
2022-03-25 19:23:34.459591,12.0000,0.0974,10000,2
2022-03-25 19:23:44.604972,18.0000,0.1462,10000,3
2022-03-25 19:23:54.765919,42.0000,0.3410,10000,7
2022-03-25 19:24:04.926657,6.0000,0.0487,10000,1
2022-03-25 19:24:15.071897,12.0000,0.0974,10000,2
2022-03-25 19:24:25.232649,12.0000,0.0974,10000,2
2022-03-25 19:24:35.377963,6.0000,0.0487,10000,1
2022-03-25 19:24:45.538747,24.0000,0.1949,10000,4
2022-03-25 19:24:55.684122,0.0000,0.0000,10000,0
2022-03-25 19:25:05.844892,12.0000,0.0974,10000,2
2022-03-25 19:25:15.990224,18.0000,0.1462,10000,3
2022-03-25 19:25:26.135393,0.0000,0.0000,10000,0
2022-03-25 19:25:36.295990,6.0000,0.0487,10000,1
2022-03-25 19:25:46.441467,18.0000,0.1462,10000,3
2022-03-25 19:25:56.602178,36.0000,0.2923,10000,6
2022-03-25 19:26:06.747554,18.0000,0.1462,10000,3
2022-03-25 19:26:16.908272,18.0000,0.1462,10000,3
2022-03-25 19:26:27.053611,6.0000,0.0487,10000,1
2022-03-25 19:26:37.214390,24.0000,0.1949,10000,4
2022-03-25 19:26:47.359762,6.0000,0.0487,10000,1
2022-03-25 19:26:57.520540,12.0000,0.0974,10000,2
2022-03-25 19:27:07.665874,12.0000,0.0974,10000,2
2022-03-25 19:27:17.826792,12.0000,0.0974,10000,2
2022-03-25 19:27:27.972047,12.0000,0.0974,10000,2
2022-03-25 19:27:38.132719,30.0000,0.2436,10000,5
2022-03-25 19:27:48.278007,6.0000,0.0487,10000,1
2022-03-25 19:27:58.438773,6.0000,0.0487,10000,1
2022-03-25 19:28:08.584146,12.0000,0.0974,10000,2
2022-03-25 19:28:18.744990,24.0000,0.1949,10000,4
2022-03-25 19:28:28.890332,6.0000,0.0487,10000,1
2022-03-25 19:28:39.051207,36.0000,0.2923,10000,6
2022-03-25 19:28:49.196488,12.0000,0.0974,10000,2
2022-03-25 19:28:59.357319,12.0000,0.0974,10000,2
2022-03-25 19:29:09.502818,36.0000,0.2923,10000,6
2022-03-25 19:29:19.663340,12.0000,0.0974,10000,2
2022-03-25 19:29:29.808696,30.0000,0.2436,10000,5
2022-03-25 19:29:39.969025,36.0000,0.2923,10000,6
2022-03-25 19:29:50.114619,36.0000,0.2923,10000,6
2022-03-25 19:30:00.275071,30.0000,0.2436,10000,5
2022-03-25 19:30:10.420669,12.0000,0.0974,10000,2
2022-03-25 19:30:20.581146,0.0000,0.0000,10000,0
2022-03-25 19:30:30.726756,12.0000,0.0974,10000,2
2022-03-25 19:30:40.887140,6.0000,0.0487,10000,1
2022-03-25 19:30:51.032579,12.0000,0.0974,10000,2
2022-03-25 19:31:01.193238,6.0000,0.0487,10000,1
2022-03-25 19:31:11.338843,12.0000,0.0974,10000,2
2022-03-25 19:31:21.499320,18.0000,0.1462,10000,3
2022-03-25 19:31:31.644707,24.0000,0.1949,10000,4
2022-03-25 19:31:41.805454,12.0000,0.0974,10000,2
2022-03-25 19:31:51.950870,24.0000,0.1949,10000,4
2022-03-25 19:32:02.111541,36.0000,0.2923,10000,6
2022-03-25 19:32:12.256857,54.0000,0.4385,10000,9
2022-03-25 19:32:22.417862,36.0000,0.2923,10000,6
2022-03-25 19:32:32.563357,24.0000,0.1949,10000,4
2022-03-25 19:32:42.723704,24.0000,0.1949,10000,4
2022-03-25 19:32:52.868946,6.0000,0.0487,10000,1
2022-03-25 19:33:03.029754,24.0000,0.1949,10000,4
2022-03-25 19:33:13.175048,36.0000,0.2923,10000,6
2022-03-25 19:33:23.335809,12.0000,0.0974,10000,2
2022-03-25 19:33:33.481108,18.0000,0.1462,10000,3
2022-03-25 19:33:43.641803,18.0000,0.1462,10000,3
2022-03-25 19:33:53.787307,24.0000,0.1949,10000,4
2022-03-25 19:34:03.947985,42.0000,0.3410,10000,7
2022-03-25 19:34:14.093693,30.0000,0.2436,10000,5
2022-03-25 19:34:24.254036,0.0000,0.0000,10000,0
2022-03-25 19:34:34.399734,36.0000,0.2923,10000,6
2022-03-25 19:34:44.560260,18.0000,0.1462,10000,3
2022-03-25 19:34:54.705396,6.0000,0.0487,10000,1
2022-03-25 19:35:04.866350,18.0000,0.1462,10000,3
2022-03-25 19:35:15.011595,18.0000,0.1462,10000,3
2022-03-25 19:35:25.172415,12.0000,0.0974,10000,2
2022-03-25 19:35:35.317789,6.0000,0.0487,10000,1
2022-03-25 19:35:45.478299,12.0000,0.0974,10000,2
2022-03-25 19:35:55.623711,36.0000,0.2923,10000,6
2022-03-25 19:36:05.784368,0.0000,0.0000,10000,0
2022-03-25 19:36:15.929692,12.0000,0.0974,10000,2
2022-03-25 19:36:26.075104,24.0000,0.1949,10000,4
2022-03-25 19:36:36.235781,0.0000,0.0000,10000,0
2022-03-25 19:36:46.381097,24.0000,0.1949,10000,4
2022-03-25 19:36:56.541843,36.0000,0.2923,10000,6
2022-03-25 19:37:06.687074,6.0000,0.0487,10000,1
2022-03-25 19:37:16.847874,24.0000,0.1949,10000,4
2022-03-25 19:37:26.993551,18.0000,0.1462,10000,3
2022-03-25 19:37:37.154193,6.0000,0.0487,10000,1
2022-03-25 19:37:47.299812,18.0000,0.1462,10000,3
2022-03-25 19:37:57.460399,24.0000,0.1949,10000,4
2022-03-25 19:38:07.605493,6.0000,0.0487,10000,1
2022-03-25 19:38:17.766348,18.0000,0.1462,10000,3
2022-03-25 19:38:27.911816,24.0000,0.1949,10000,4
2022-03-25 19:38:38.072491,6.0000,0.0487,10000,1
2022-03-25 19:38:48.233250,18.0000,0.1462,10000,3
2022-03-25 19:38:58.378741,12.0000,0.0974,10000,2
2022-03-25 19:39:08.523971,0.0000,0.0000,10000,0
2022-03-25 19:39:18.684812,30.0000,0.2436,10000,5
2022-03-25 19:39:28.845431,30.0000,0.2436,10000,5
2022-03-25 19:39:38.990878,12.0000,0.0974,10000,2
2022-03-25 19:39:49.136039,30.0000,0.2436,10000,5
2022-03-25 19:39:59.296753,12.0000,0.0974,10000,2
2022-03-25 19:40:09.442447,18.0000,0.1462,10000,3
2022-03-25 19:40:19.602756,6.0000,0.0487,10000,1
2022-03-25 19:40:29.748083,18.0000,0.1462,10000,3
2022-03-25 19:40:39.908821,6.0000,0.0487,10000,1
2022-03-25 19:40:50.054245,30.0000,0.2436,10000,5
2022-03-25 19:41:00.214961,12.0000,0.0974,10000,2
2022-03-25 19:41:10.360401,12.0000,0.0974,10000,2
2022-03-25 19:41:20.521054,6.0000,0.0487,10000,1
2022-03-25 19:41:30.666635,12.0000,0.0974,10000,2
2022-03-25 19:41:40.827365,18.0000,0.1462,10000,3
2022-03-25 19:41:50.972928,18.0000,0.1462,10000,3
2022-03-25 19:42:01.133440,18.0000,0.1462,10000,3
2022-03-25 19:42:11.279065,30.0000,0.2436,10000,5
2022-03-25 19:42:21.439590,12.0000,0.0974,10000,2
2022-03-25 19:42:31.585148,12.0000,0.0974,10000,2
2022-03-25 19:42:41.745647,0.0000,0.0000,10000,0
2022-03-25 19:42:51.891129,6.0000,0.0487,10000,1
2022-03-25 19:43:02.036669,6.0000,0.0487,10000,1
2022-03-25 19:43:12.197247,18.0000,0.1462,10000,3
2022-03-25 19:43:22.342832,24.0000,0.1949,10000,4
2022-03-25 19:43:32.503293,18.0000,0.1462,10000,3
2022-03-25 19:43:42.648794,30.0000,0.2436,10000,5
2022-03-25 19:43:52.809207,18.0000,0.1462,10000,3
2022-03-25 19:44:02.954673,12.0000,0.0974,10000,2
2022-03-25 19:44:13.115390,18.0000,0.1462,10000,3
2022-03-25 19:44:23.260708,12.0000,0.0974,10000,2
2022-03-25 19:44:33.421475,18.0000,0.1462,10000,3
2022-03-25 19:44:43.566844,6.0000,0.0487,10000,1
2022-03-25 19:44:53.727532,12.0000,0.0974,10000,2
2022-03-25 19:45:03.872963,6.0000,0.0487,10000,1
2022-03-25 19:45:14.033629,30.0000,0.2436,10000,5
2022-03-25 19:45:24.179081,12.0000,0.0974,10000,2
2022-03-25 19:45:34.339805,30.0000,0.2436,10000,5
2022-03-25 19:45:44.485108,0.0000,0.0000,10000,0
2022-03-25 19:45:54.646109,18.0000,0.1462,10000,3
2022-03-25 19:46:04.791537,12.0000,0.0974,10000,2
2022-03-25 19:46:14.952050,6.0000,0.0487,10000,1
2022-03-25 19:46:25.097700,18.0000,0.1462,10000,3
2022-03-25 19:46:35.258236,12.0000,0.0974,10000,2
2022-03-25 19:46:45.403755,12.0000,0.0974,10000,2
2022-03-25 19:46:55.564206,18.0000,0.1462,10000,3
2022-03-25 19:47:05.709312,6.0000,0.0487,10000,1
2022-03-25 19:47:15.870024,24.0000,0.1949,10000,4
2022-03-25 19:47:26.015295,30.0000,0.2436,10000,5
2022-03-25 19:47:36.175851,12.0000,0.0974,10000,2
2022-03-25 19:47:46.321243,12.0000,0.0974,10000,2
2022-03-25 19:47:56.466962,0.0000,0.0000,10000,0
2022-03-25 19:48:06.627496,0.0000,0.0000,10000,0
2022-03-25 19:48:16.772788,30.0000,0.2436,10000,5
2022-03-25 19:48:26.933540,24.0000,0.1949,10000,4
2022-03-25 19:48:37.094336,30.0000,0.2436,10000,5
2022-03-25 19:48:47.239706,18.0000,0.1462,10000,3
2022-03-25 19:48:57.400465,12.0000,0.0974,10000,2
2022-03-25 19:49:07.545887,18.0000,0.1462,10000,3
2022-03-25 19:49:17.706556,12.0000,0.0974,10000,2
2022-03-25 19:49:27.851769,0.0000,0.0000,10000,0
2022-03-25 19:49:38.012635,36.0000,0.2923,10000,6
2022-03-25 19:49:48.157979,6.0000,0.0487,10000,1
2022-03-25 19:49:58.318783,24.0000,0.1949,10000,4
2022-03-25 19:50:08.464052,0.0000,0.0000,10000,0
2022-03-25 19:50:18.624845,30.0000,0.2436,10000,5
2022-03-25 19:50:28.770104,0.0000,0.0000,10000,0
2022-03-25 19:50:38.915462,12.0000,0.0974,10000,2
2022-03-25 19:50:49.076168,12.0000,0.0974,10000,2
2022-03-25 19:50:59.221465,24.0000,0.1949,10000,4
2022-03-25 19:51:09.382218,30.0000,0.2436,10000,5
2022-03-25 19:51:19.527597,36.0000,0.2923,10000,6
2022-03-25 19:51:29.688329,30.0000,0.2436,10000,5
2022-03-25 19:51:39.833710,12.0000,0.0974,10000,2
2022-03-25 19:51:49.994589,12.0000,0.0974,10000,2
2022-03-25 19:52:00.139895,6.0000,0.0487,10000,1
2022-03-25 19:52:10.300699,24.0000,0.1949,10000,4
2022-03-25 19:52:20.446089,18.0000,0.1462,10000,3
2022-03-25 19:52:30.606801,6.0000,0.0487,10000,1
2022-03-25 19:52:40.752194,12.0000,0.0974,10000,2
2022-03-25 19:52:50.912913,42.0000,0.3410,10000,7
2022-03-25 19:53:01.058386,36.0000,0.2923,10000,6
2022-03-25 19:53:11.219200,30.0000,0.2436,10000,5
2022-03-25 19:53:21.364479,0.0000,0.0000,10000,0
2022-03-25 19:53:31.525268,18.0000,0.1462,10000,3
2022-03-25 19:53:41.670774,18.0000,0.1462,10000,3
2022-03-25 19:53:51.831362,24.0000,0.1949,10000,4
2022-03-25 19:54:01.976750,42.0000,0.3410,10000,7
2022-03-25 19:54:12.137535,12.0000,0.0974,10000,2
2022-03-25 19:54:22.283213,18.0000,0.1462,10000,3
2022-03-25 19:54:32.443733,24.0000,0.1949,10000,4
2022-03-25 19:54:42.589269,18.0000,0.1462,10000,3
2022-03-25 19:54:52.749548,6.0000,0.0487,10000,1
2022-03-25 19:55:02.895088,12.0000,0.0974,10000,2
2022-03-25 19:55:13.055699,12.0000,0.0974,10000,2
2022-03-25 19:55:23.201154,18.0000,0.1462,10000,3
2022-03-25 19:55:33.361952,18.0000,0.1462,10000,3
2022-03-25 19:55:43.507293,18.0000,0.1462,10000,3
2022-03-25 19:55:53.668074,12.0000,0.0974,10000,2
2022-03-25 19:56:03.813503,18.0000,0.1462,10000,3
2022-03-25 19:56:13.974193,30.0000,0.2436,10000,5
2022-03-25 19:56:24.119544,18.0000,0.1462,10000,3
2022-03-25 19:56:34.280200,12.0000,0.0974,10000,2
2022-03-25 19:56:44.425695,12.0000,0.0974,10000,2
2022-03-25 19:56:54.586531,12.0000,0.0974,10000,2
2022-03-25 19:57:04.731891,12.0000,0.0974,10000,2
2022-03-25 19:57:14.892706,36.0000,0.2923,10000,6
2022-03-25 19:57:25.053537,42.0000,0.3410,10000,7
2022-03-25 19:57:35.198871,12.0000,0.0974,10000,2
2022-03-25 19:57:45.344316,30.0000,0.2436,10000,5
2022-03-25 19:57:55.505077,30.0000,0.2436,10000,5
2022-03-25 19:58:05.650365,30.0000,0.2436,10000,5
2022-03-25 19:58:15.811041,6.0000,0.0487,10000,1
2022-03-25 19:58:25.956381,6.0000,0.0487,10000,1
2022-03-25 19:58:36.117158,12.0000,0.0974,10000,2
2022-03-25 19:58:46.262605,36.0000,0.2923,10000,6
2022-03-25 19:58:56.423284,18.0000,0.1462,10000,3
2022-03-25 19:59:06.568935,48.0000,0.3898,10000,8
2022-03-25 19:59:16.729431,12.0000,0.0974,10000,2
2022-03-25 19:59:26.874791,6.0000,0.0487,10000,1
2022-03-25 19:59:37.035489,0.0000,0.0000,10000,0
2022-03-25 19:59:47.180946,12.0000,0.0974,10000,2
2022-03-25 19:59:57.341719,18.0000,0.1462,10000,3
2022-03-25 20:00:07.487039,18.0000,0.1462,10000,3
2022-03-25 20:00:17.647724,12.0000,0.0974,10000,2
2022-03-25 20:00:27.793330,24.0000,0.1949,10000,4
2022-03-25 20:00:37.953988,12.0000,0.0974,10000,2
2022-03-25 20:00:48.099300,12.0000,0.0974,10000,2
2022-03-25 20:00:58.260252,42.0000,0.3410,10000,7
2022-03-25 20:01:08.405769,24.0000,0.1949,10000,4
2022-03-25 20:01:18.566345,24.0000,0.1949,10000,4
2022-03-25 20:01:28.711625,18.0000,0.1462,10000,3
2022-03-25 20:01:38.872361,12.0000,0.0974,10000,2
2022-03-25 20:01:49.017733,18.0000,0.1462,10000,3
2022-03-25 20:01:59.163224,18.0000,0.1462,10000,3
2022-03-25 20:02:09.324188,12.0000,0.0974,10000,2
2022-03-25 20:02:19.484815,18.0000,0.1462,10000,3
2022-03-25 20:02:29.630379,24.0000,0.1949,10000,4
2022-03-25 20:02:39.790988,12.0000,0.0974,10000,2
2022-03-25 20:02:49.936321,12.0000,0.0974,10000,2
2022-03-25 20:03:00.081661,12.0000,0.0974,10000,2
2022-03-25 20:03:10.242817,18.0000,0.1462,10000,3
2022-03-25 20:03:20.403407,18.0000,0.1462,10000,3
2022-03-25 20:03:30.548784,12.0000,0.0974,10000,2
2022-03-25 20:03:40.694614,6.0000,0.0487,10000,1
2022-03-25 20:03:50.854989,12.0000,0.0974,10000,2
2022-03-25 20:04:01.015810,24.0000,0.1949,10000,4
2022-03-25 20:04:11.161046,0.0000,0.0000,10000,0
2022-03-25 20:04:21.306429,6.0000,0.0487,10000,1
2022-03-25 20:04:31.467216,24.0000,0.1949,10000,4
2022-03-25 20:04:41.628128,12.0000,0.0974,10000,2
2022-03-25 20:04:51.773424,6.0000,0.0487,10000,1
2022-03-25 20:05:01.934290,24.0000,0.1949,10000,4
2022-03-25 20:05:12.079642,6.0000,0.0487,10000,1
2022-03-25 20:05:22.225039,6.0000,0.0487,10000,1
2022-03-25 20:05:32.385807,36.0000,0.2923,10000,6
2022-03-25 20:05:42.531348,24.0000,0.1949,10000,4
2022-03-25 20:05:52.691827,18.0000,0.1462,10000,3
2022-03-25 20:06:02.837164,0.0000,0.0000,10000,0
2022-03-25 20:06:12.998075,24.0000,0.1949,10000,4
2022-03-25 20:06:23.143435,12.0000,0.0974,10000,2
2022-03-25 20:06:33.304125,0.0000,0.0000,10000,0
2022-03-25 20:06:43.449601,24.0000,0.1949,10000,4
2022-03-25 20:06:53.610317,0.0000,0.0000,10000,0
2022-03-25 20:07:03.755734,6.0000,0.0487,10000,1
2022-03-25 20:07:13.916449,24.0000,0.1949,10000,4
2022-03-25 20:07:24.061979,18.0000,0.1462,10000,3
2022-03-25 20:07:34.222952,18.0000,0.1462,10000,3
2022-03-25 20:07:44.368331,6.0000,0.0487,10000,1
2022-03-25 20:07:54.529070,12.0000,0.0974,10000,2
2022-03-25 20:08:04.674667,18.0000,0.1462,10000,3
2022-03-25 20:08:14.835210,12.0000,0.0974,10000,2
2022-03-25 20:08:24.995687,42.0000,0.3410,10000,7
2022-03-25 20:08:35.141227,12.0000,0.0974,10000,2
2022-03-25 20:08:45.286417,6.0000,0.0487,10000,1
2022-03-25 20:08:55.447211,12.0000,0.0974,10000,2
2022-03-25 20:09:05.592457,0.0000,0.0000,10000,0
2022-03-25 20:09:15.753282,24.0000,0.1949,10000,4
2022-03-25 20:09:25.898756,12.0000,0.0974,10000,2
2022-03-25 20:09:36.059516,24.0000,0.1949,10000,4
2022-03-25 20:09:46.205165,30.0000,0.2436,10000,5
2022-03-25 20:09:56.365845,18.0000,0.1462,10000,3
2022-03-25 20:10:06.511263,6.0000,0.0487,10000,1
2022-03-25 20:10:16.671888,24.0000,0.1949,10000,4
2022-03-25 20:10:26.817366,18.0000,0.1462,10000,3
2022-03-25 20:10:36.978079,24.0000,0.1949,10000,4
2022-03-25 20:10:47.123514,24.0000,0.1949,10000,4
2022-03-25 20:10:57.284371,42.0000,0.3410,10000,7
2022-03-25 20:11:07.429780,12.0000,0.0974,10000,2
2022-03-25 20:11:17.590676,18.0000,0.1462,10000,3
2022-03-25 20:11:27.736005,12.0000,0.0974,10000,2
2022-03-25 20:11:37.896730,12.0000,0.0974,10000,2
2022-03-25 20:11:48.042082,0.0000,0.0000,10000,0
2022-03-25 20:11:58.202893,36.0000,0.2923,10000,6
2022-03-25 20:12:08.348237,12.0000,0.0974,10000,2
2022-03-25 20:12:18.508929,18.0000,0.1462,10000,3
2022-03-25 20:12:28.654145,0.0000,0.0000,10000,0
2022-03-25 20:12:38.814990,30.0000,0.2436,10000,5
2022-03-25 20:12:48.960305,12.0000,0.0974,10000,2
2022-03-25 20:12:59.105693,18.0000,0.1462,10000,3
2022-03-25 20:13:09.266396,6.0000,0.0487,10000,1
2022-03-25 20:13:19.411789,12.0000,0.0974,10000,2
2022-03-25 20:13:29.572458,12.0000,0.0974,10000,2
2022-03-25 20:13:39.717906,30.0000,0.2436,10000,5
2022-03-25 20:13:49.878632,6.0000,0.0487,10000,1
2022-03-25 20:14:00.024062,12.0000,0.0974,10000,2
2022-03-25 20:14:10.184770,0.0000,0.0000,10000,0
2022-03-25 20:14:20.330111,0.0000,0.0000,10000,0
2022-03-25 20:14:30.490865,12.0000,0.0974,10000,2
2022-03-25 20:14:40.636281,12.0000,0.0974,10000,2
2022-03-25 20:14:50.797098,48.0000,0.3898,10000,8
2022-03-25 20:15:00.942922,12.0000,0.0974,10000,2
2022-03-25 20:15:11.103338,18.0000,0.1462,10000,3
2022-03-25 20:15:21.248969,18.0000,0.1462,10000,3
2022-03-25 20:15:31.409641,18.0000,0.1462,10000,3
2022-03-25 20:15:41.555379,12.0000,0.0974,10000,2
2022-03-25 20:15:51.715876,24.0000,0.1949,10000,4
2022-03-25 20:16:01.861354,6.0000,0.0487,10000,1
2022-03-25 20:16:12.021874,0.0000,0.0000,10000,0
2022-03-25 20:16:22.167457,30.0000,0.2436,10000,5
2022-03-25 20:16:32.328166,24.0000,0.1949,10000,4
2022-03-25 20:16:42.473544,24.0000,0.1949,10000,4
2022-03-25 20:16:52.634180,30.0000,0.2436,10000,5
2022-03-25 20:17:02.779765,6.0000,0.0487,10000,1
2022-03-25 20:17:12.940386,12.0000,0.0974,10000,2
2022-03-25 20:17:23.085923,12.0000,0.0974,10000,2
2022-03-25 20:17:33.246579,36.0000,0.2923,10000,6
2022-03-25 20:17:43.392071,18.0000,0.1462,10000,3
2022-03-25 20:17:53.552628,18.0000,0.1462,10000,3
2022-03-25 20:18:03.698238,30.0000,0.2436,10000,5
2022-03-25 20:18:13.843757,12.0000,0.0974,10000,2
2022-03-25 20:18:24.004389,6.0000,0.0487,10000,1
2022-03-25 20:18:34.165103,24.0000,0.1949,10000,4
2022-03-25 20:18:44.310630,12.0000,0.0974,10000,2
2022-03-25 20:18:54.455799,12.0000,0.0974,10000,2
2022-03-25 20:19:04.616647,30.0000,0.2436,10000,5
2022-03-25 20:19:14.777443,12.0000,0.0974,10000,2
2022-03-25 20:19:24.922898,18.0000,0.1462,10000,3
2022-03-25 20:19:35.083629,24.0000,0.1949,10000,4
2022-03-25 20:19:45.229295,30.0000,0.2436,10000,5
2022-03-25 20:19:55.389752,30.0000,0.2436,10000,5
2022-03-25 20:20:05.535126,6.0000,0.0487,10000,1
2022-03-25 20:20:15.680567,30.0000,0.2436,10000,5
2022-03-25 20:20:25.841282,30.0000,0.2436,10000,5
2022-03-25 20:20:35.986631,6.0000,0.0487,10000,1
2022-03-25 20:20:46.147435,6.0000,0.0487,10000,1
2022-03-25 20:20:56.292870,0.0000,0.0000,10000,0
2022-03-25 20:21:06.453521,0.0000,0.0000,10000,0
2022-03-25 20:21:16.599144,30.0000,0.2436,10000,5
2022-03-25 20:21:26.759725,12.0000,0.0974,10000,2
2022-03-25 20:21:36.905132,18.0000,0.1462,10000,3
2022-03-25 20:21:47.065853,18.0000,0.1462,10000,3
2022-03-25 20:21:57.211347,6.0000,0.0487,10000,1
2022-03-25 20:22:07.372113,24.0000,0.1949,10000,4
2022-03-25 20:22:17.517517,36.0000,0.2923,10000,6
2022-03-25 20:22:27.678532,12.0000,0.0974,10000,2
2022-03-25 20:22:37.823709,12.0000,0.0974,10000,2
2022-03-25 20:22:47.984422,36.0000,0.2923,10000,6
2022-03-25 20:22:58.129768,12.0000,0.0974,10000,2
2022-03-25 20:23:08.290584,18.0000,0.1462,10000,3
2022-03-25 20:23:18.435878,0.0000,0.0000,10000,0
2022-03-25 20:23:28.596759,30.0000,0.2436,10000,5
2022-03-25 20:23:38.742196,6.0000,0.0487,10000,1
2022-03-25 20:23:48.902702,12.0000,0.0974,10000,2
2022-03-25 20:23:59.048075,12.0000,0.0974,10000,2
2022-03-25 20:24:09.208869,30.0000,0.2436,10000,5
2022-03-25 20:24:19.354158,6.0000,0.0487,10000,1
2022-03-25 20:24:29.499596,12.0000,0.0974,10000,2
2022-03-25 20:24:39.660287,0.0000,0.0000,10000,0
2022-03-25 20:24:49.805680,12.0000,0.0974,10000,2
2022-03-25 20:24:59.966387,12.0000,0.0974,10000,2
2022-03-25 20:25:10.127145,18.0000,0.1462,10000,3
2022-03-25 20:25:20.272511,6.0000,0.0487,10000,1
2022-03-25 20:25:30.433224,18.0000,0.1462,10000,3
2022-03-25 20:25:40.578717,18.0000,0.1462,10000,3
2022-03-25 20:25:50.723949,0.0000,0.0000,10000,0
2022-03-25 20:26:00.884839,18.0000,0.1462,10000,3
2022-03-25 20:26:11.045726,24.0000,0.1949,10000,4
2022-03-25 20:26:21.191074,0.0000,0.0000,10000,0
2022-03-25 20:26:31.351949,18.0000,0.1462,10000,3
2022-03-25 20:26:41.497355,6.0000,0.0487,10000,1
2022-03-25 20:26:51.642968,12.0000,0.0974,10000,2
2022-03-25 20:27:01.803281,6.0000,0.0487,10000,1
2022-03-25 20:27:11.948993,12.0000,0.0974,10000,2
2022-03-25 20:27:22.109441,12.0000,0.0974,10000,2
2022-03-25 20:27:32.254751,6.0000,0.0487,10000,1
2022-03-25 20:27:42.415492,0.0000,0.0000,10000,0
2022-03-25 20:27:52.560893,36.0000,0.2923,10000,6
2022-03-25 20:28:02.721715,6.0000,0.0487,10000,1
2022-03-25 20:28:12.867016,18.0000,0.1462,10000,3
2022-03-25 20:28:23.027859,18.0000,0.1462,10000,3
2022-03-25 20:28:33.173194,12.0000,0.0974,10000,2
2022-03-25 20:28:43.333836,6.0000,0.0487,10000,1
2022-03-25 20:28:53.479209,6.0000,0.0487,10000,1
2022-03-25 20:29:03.639993,18.0000,0.1462,10000,3
2022-03-25 20:29:13.785375,24.0000,0.1949,10000,4
2022-03-25 20:29:23.946259,12.0000,0.0974,10000,2
2022-03-25 20:29:34.091829,30.0000,0.2436,10000,5
2022-03-25 20:29:44.252483,24.0000,0.1949,10000,4
2022-03-25 20:29:54.398000,18.0000,0.1462,10000,3
2022-03-25 20:30:04.558867,6.0000,0.0487,10000,1
2022-03-25 20:30:14.704102,18.0000,0.1462,10000,3
2022-03-25 20:30:24.864967,18.0000,0.1462,10000,3
2022-03-25 20:30:35.010357,12.0000,0.0974,10000,2
2022-03-25 20:30:45.171019,12.0000,0.0974,10000,2
2022-03-25 20:30:55.316420,18.0000,0.1462,10000,3
2022-03-25 20:31:05.477198,30.0000,0.2436,10000,5
2022-03-25 20:31:15.623049,12.0000,0.0974,10000,2
2022-03-25 20:31:25.783589,12.0000,0.0974,10000,2
2022-03-25 20:31:35.928943,12.0000,0.0974,10000,2
2022-03-25 20:31:46.089581,18.0000,0.1462,10000,3
2022-03-25 20:31:56.235136,12.0000,0.0974,10000,2
2022-03-25 20:32:06.395818,6.0000,0.0487,10000,1
2022-03-25 20:32:16.541248,24.0000,0.1949,10000,4
2022-03-25 20:32:26.702190,18.0000,0.1462,10000,3
2022-03-25 20:32:36.847847,12.0000,0.0974,10000,2
2022-03-25 20:32:47.008529,36.0000,0.2923,10000,6
2022-03-25 20:32:57.169108,24.0000,0.1949,10000,4
2022-03-25 20:33:07.314464,12.0000,0.0974,10000,2
2022-03-25 20:33:17.475262,24.0000,0.1949,10000,4
2022-03-25 20:33:27.620606,12.0000,0.0974,10000,2
2022-03-25 20:33:37.781394,12.0000,0.0974,10000,2
2022-03-25 20:33:47.926856,18.0000,0.1462,10000,3
2022-03-25 20:33:58.087475,24.0000,0.1949,10000,4
2022-03-25 20:34:08.233008,24.0000,0.1949,10000,4
2022-03-25 20:34:18.393681,18.0000,0.1462,10000,3
2022-03-25 20:34:28.539106,12.0000,0.0974,10000,2
2022-03-25 20:34:38.699905,18.0000,0.1462,10000,3
2022-03-25 20:34:48.845259,36.0000,0.2923,10000,6
2022-03-25 20:34:59.006047,24.0000,0.1949,10000,4
2022-03-25 20:35:09.151477,18.0000,0.1462,10000,3
2022-03-25 20:35:19.312164,0.0000,0.0000,10000,0
2022-03-25 20:35:29.457573,6.0000,0.0487,10000,1
2022-03-25 20:35:39.618411,12.0000,0.0974,10000,2
2022-03-25 20:35:49.763740,18.0000,0.1462,10000,3
2022-03-25 20:35:59.924522,0.0000,0.0000,10000,0
2022-03-25 20:36:10.069851,0.0000,0.0000,10000,0
2022-03-25 20:36:20.230807,24.0000,0.1949,10000,4
2022-03-25 20:36:30.376201,30.0000,0.2436,10000,5
2022-03-25 20:36:40.537035,36.0000,0.2923,10000,6
2022-03-25 20:36:50.682361,30.0000,0.2436,10000,5
2022-03-25 20:37:00.843149,18.0000,0.1462,10000,3
2022-03-25 20:37:10.988762,30.0000,0.2436,10000,5
2022-03-25 20:37:21.149610,12.0000,0.0974,10000,2
2022-03-25 20:37:31.294831,6.0000,0.0487,10000,1
2022-03-25 20:37:41.455460,6.0000,0.0487,10000,1
2022-03-25 20:37:51.600877,18.0000,0.1462,10000,3
2022-03-25 20:38:01.761478,24.0000,0.1949,10000,4
2022-03-25 20:38:11.907144,12.0000,0.0974,10000,2
2022-03-25 20:38:22.052192,0.0000,0.0000,10000,0
2022-03-25 20:38:32.212943,6.0000,0.0487,10000,1
2022-03-25 20:38:42.358253,0.0000,0.0000,10000,0
2022-03-25 20:38:52.519097,6.0000,0.0487,10000,1
2022-03-25 20:39:02.679902,18.0000,0.1462,10000,3
2022-03-25 20:39:12.825232,24.0000,0.1949,10000,4
2022-03-25 20:39:22.986191,24.0000,0.1949,10000,4
2022-03-25 20:39:33.131530,12.0000,0.0974,10000,2
2022-03-25 20:39:43.292268,18.0000,0.1462,10000,3
2022-03-25 20:39:53.437958,12.0000,0.0974,10000,2
2022-03-25 20:40:03.598684,12.0000,0.0974,10000,2
2022-03-25 20:40:13.744162,18.0000,0.1462,10000,3
2022-03-25 20:40:23.904703,18.0000,0.1462,10000,3
2022-03-25 20:40:34.049883,24.0000,0.1949,10000,4
2022-03-25 20:40:44.210661,18.0000,0.1462,10000,3
2022-03-25 20:40:54.356115,12.0000,0.0974,10000,2
2022-03-25 20:41:04.516811,24.0000,0.1949,10000,4
2022-03-25 20:41:14.662359,18.0000,0.1462,10000,3
2022-03-25 20:41:24.822875,6.0000,0.0487,10000,1
2022-03-25 20:41:34.968215,12.0000,0.0974,10000,2
2022-03-25 20:41:45.113477,6.0000,0.0487,10000,1
2022-03-25 20:41:55.274194,18.0000,0.1462,10000,3
2022-03-25 20:42:05.435006,18.0000,0.1462,10000,3
2022-03-25 20:42:15.580320,18.0000,0.1462,10000,3
2022-03-25 20:42:25.741025,12.0000,0.0974,10000,2
2022-03-25 20:42:35.886389,0.0000,0.0000,10000,0
2022-03-25 20:42:46.047139,6.0000,0.0487,10000,1
2022-03-25 20:42:56.192816,24.0000,0.1949,10000,4
2022-03-25 20:43:06.353598,24.0000,0.1949,10000,4
2022-03-25 20:43:16.499172,18.0000,0.1462,10000,3
2022-03-25 20:43:26.659722,18.0000,0.1462,10000,3
2022-03-25 20:43:36.805028,18.0000,0.1462,10000,3
2022-03-25 20:43:46.965820,12.0000,0.0974,10000,2
2022-03-25 20:43:57.111271,18.0000,0.1462,10000,3
2022-03-25 20:44:07.272029,30.0000,0.2436,10000,5
2022-03-25 20:44:17.417395,12.0000,0.0974,10000,2
2022-03-25 20:44:27.578109,6.0000,0.0487,10000,1
2022-03-25 20:44:37.723572,18.0000,0.1462,10000,3
2022-03-25 20:44:47.884283,30.0000,0.2436,10000,5
