dateTime,temperature,pressure,humidity,gas
2022-03-25 19:09:27.738713,28.56,100.04,16.19,5018.87
2022-03-25 19:09:37.783867,28.63,100.04,15.83,5047.44
2022-03-25 19:09:47.814169,28.74,100.04,15.99,4971.96
2022-03-25 19:09:57.844610,28.62,100.04,15.43,4995.31
2022-03-25 19:10:07.875187,28.68,100.04,15.74,4976.61
2022-03-25 19:10:17.905671,28.70,100.04,15.77,4953.44
2022-03-25 19:10:27.936131,28.64,100.04,15.48,5018.87
2022-03-25 19:10:37.966518,28.77,100.04,16.03,4985.94
2022-03-25 19:10:48.011961,28.56,100.04,15.55,4971.96
2022-03-25 19:10:58.042729,28.47,100.04,14.83,5160.04
2022-03-25 19:11:08.073352,28.38,100.04,14.61,5288.27
2022-03-25 19:11:18.103902,28.43,100.04,15.27,5267.33
2022-03-25 19:11:28.134038,28.50,100.04,15.31,5251.73
2022-03-25 19:11:38.179874,28.59,100.04,15.33,5277.78
2022-03-25 19:11:48.210270,28.72,100.04,15.85,5180.14
2022-03-25 19:11:58.240789,28.82,100.04,15.69,5155.04
2022-03-25 19:12:08.271268,28.92,100.03,16.01,5042.65
2022-03-25 19:12:18.301428,29.10,100.03,17.18,4849.59
2022-03-25 19:12:28.332002,29.22,100.04,18.07,4630.11
2022-03-25 19:12:38.377232,29.19,100.03,16.50,4650.35
2022-03-25 19:12:48.407455,29.21,100.03,15.78,4733.10
2022-03-25 19:12:58.438034,29.14,100.03,14.95,4944.24
2022-03-25 19:13:08.468617,29.21,100.03,14.86,4995.31
2022-03-25 19:13:18.499290,29.20,100.03,15.45,4981.27
2022-03-25 19:13:28.529393,29.01,100.03,14.67,5195.31
2022-03-25 19:13:38.574773,28.95,100.03,14.10,5352.11
2022-03-25 19:13:48.605503,28.95,100.03,14.65,5341.37
2022-03-25 19:13:58.636168,29.01,100.03,14.99,5309.38
2022-03-25 19:14:08.666708,29.07,100.03,15.22,5272.55
2022-03-25 19:14:18.711953,29.11,100.03,15.33,5241.38
2022-03-25 19:14:28.742741,29.06,100.03,15.14,5236.22
2022-03-25 19:14:38.773306,29.12,100.03,14.88,5288.27
2022-03-25 19:14:48.803709,29.08,100.03,14.58,5336.01
2022-03-25 19:14:58.834078,29.09,100.03,14.45,5417.52
2022-03-25 19:15:08.864267,29.18,100.03,14.79,5047.44
2022-03-25 19:15:18.909762,29.23,100.03,14.90,4130.44
2022-03-25 19:15:28.940320,29.33,100.03,15.12,3633.88
2022-03-25 19:15:38.970917,29.47,100.03,16.52,3212.56
2022-03-25 19:15:49.001288,29.55,100.03,16.81,3068.05
2022-03-25 19:15:59.031688,29.62,100.03,16.74,3060.99
2022-03-25 19:16:09.077380,29.57,100.03,15.85,3200.96
2022-03-25 19:16:19.107623,29.49,100.03,15.50,3390.70
2022-03-25 19:16:29.138318,29.51,100.03,15.48,3587.32
2022-03-25 19:16:39.168760,29.52,100.03,15.97,3648.83
2022-03-25 19:16:49.199112,29.59,100.03,16.65,3674.03
2022-03-25 19:16:59.229261,29.57,100.03,16.64,3691.88
2022-03-25 19:17:09.274555,29.22,100.02,15.78,3852.28
2022-03-25 19:17:19.304913,29.09,100.02,15.43,4006.02
2022-03-25 19:17:29.335407,29.07,100.02,15.40,4133.64
2022-03-25 19:17:39.365748,29.05,100.02,15.43,4208.86
2022-03-25 19:17:49.396192,29.06,100.02,15.90,4262.82
2022-03-25 19:17:59.441807,29.05,100.02,15.58,4332.25
2022-03-25 19:18:09.472490,29.12,100.02,15.78,4318.18
2022-03-25 19:18:19.502983,29.11,100.02,15.87,4318.18
2022-03-25 19:18:29.533364,29.07,100.02,14.85,4554.79
2022-03-25 19:18:39.564018,29.04,100.02,14.69,4630.11
2022-03-25 19:18:49.609429,28.82,100.02,14.21,4784.17
2022-03-25 19:18:59.639943,28.71,100.02,14.26,4885.22
2022-03-25 19:19:09.670462,28.70,100.02,14.32,5037.88
2022-03-25 19:19:19.700966,28.67,100.01,14.41,5115.38
2022-03-25 19:19:29.731342,28.69,100.01,14.34,5225.93
2022-03-25 19:19:39.761953,28.80,100.01,14.88,5200.39
2022-03-25 19:19:49.807447,28.86,100.02,14.73,5090.91
2022-03-25 19:19:59.838030,28.92,100.01,15.10,5042.65
2022-03-25 19:20:09.868696,28.85,100.01,14.73,5140.10
2022-03-25 19:20:19.899252,28.64,100.01,14.17,5256.92
2022-03-25 19:20:29.929800,28.52,100.01,13.81,5406.50
2022-03-25 19:20:39.975351,28.40,100.02,13.60,5588.23
2022-03-25 19:20:50.006206,28.12,100.01,13.26,5807.86
2022-03-25 19:21:00.036300,27.90,100.00,13.02,6018.10
2022-03-25 19:21:10.066839,27.86,100.00,13.08,6153.85
2022-03-25 19:21:20.097112,28.01,100.01,14.10,6136.10
2022-03-25 19:21:30.127602,28.15,100.01,15.00,6004.52
2022-03-25 19:21:40.172930,28.21,100.00,15.14,5917.69
2022-03-25 19:21:50.203323,28.29,100.00,15.44,5801.53
2022-03-25 19:22:00.233943,28.34,100.00,15.09,5839.74
2022-03-25 19:22:10.264560,28.38,100.00,15.52,5763.81
2022-03-25 19:22:20.295078,28.41,100.01,15.55,5708.15
2022-03-25 19:22:30.325515,28.42,100.01,15.13,5714.29
2022-03-25 19:22:40.371050,28.41,100.01,14.91,5782.61
2022-03-25 19:22:50.401514,28.47,100.00,14.82,5807.86
2022-03-25 19:23:00.432067,28.59,100.00,15.91,5623.68
2022-03-25 19:23:10.462331,28.61,100.00,15.87,5564.85
2022-03-25 19:23:20.507812,28.67,100.00,15.61,5553.24
2022-03-25 19:23:30.538451,28.63,100.00,15.20,5623.68
2022-03-25 19:23:40.568636,28.62,100.00,15.14,5623.68
2022-03-25 19:23:50.599185,28.68,100.00,14.90,5659.58
2022-03-25 19:24:00.629888,28.72,100.00,14.60,5745.14
2022-03-25 19:24:10.660318,28.73,100.00,14.83,5732.76
2022-03-25 19:24:20.690772,28.69,100.00,14.49,5865.49
2022-03-25 19:24:30.736065,28.74,100.00,14.72,5859.03
2022-03-25 19:24:40.766544,28.73,100.00,14.28,5970.82
2022-03-25 19:24:50.796955,28.81,99.99,14.18,6059.23
2022-03-25 19:25:00.827379,28.88,100.00,14.05,6086.96
2022-03-25 19:25:10.858004,28.65,100.00,14.21,6114.94
2022-03-25 19:25:20.903804,28.50,100.00,14.14,6143.19
2022-03-25 19:25:30.933901,28.45,100.00,14.19,6178.86
2022-03-25 19:25:40.964447,28.44,100.00,14.29,6288.42
2022-03-25 19:25:50.995114,28.45,100.00,14.67,6153.85
2022-03-25 19:26:01.025851,28.37,100.00,14.55,6136.10
2022-03-25 19:26:11.056234,28.36,100.00,14.58,6150.29
2022-03-25 19:26:21.101649,28.36,100.00,14.95,6090.44
2022-03-25 19:26:31.132220,28.41,100.00,15.41,6073.06
2022-03-25 19:26:41.162772,28.44,100.00,15.38,6073.06
2022-03-25 19:26:51.193315,28.53,99.99,15.38,5964.13
2022-03-25 19:27:01.223723,28.57,100.00,15.08,5977.53
2022-03-25 19:27:11.254390,28.50,100.00,14.60,6031.75
2022-03-25 19:27:21.299966,28.48,100.00,14.27,6143.19
2022-03-25 19:27:31.330386,28.50,100.00,14.30,6236.81
2022-03-25 19:27:41.360677,28.61,100.00,14.59,6189.65
2022-03-25 19:27:51.391012,28.54,100.00,14.62,6251.47
2022-03-25 19:28:01.436421,28.59,100.00,14.47,6200.47
2022-03-25 19:28:11.466798,28.61,100.00,14.51,6207.70
2022-03-25 19:28:21.497322,28.69,100.00,14.89,6146.74
2022-03-25 19:28:31.527782,28.73,100.00,15.31,6073.06
2022-03-25 19:28:41.557965,28.74,100.00,14.71,6035.17
2022-03-25 19:28:51.588559,28.85,99.99,15.29,5950.78
2022-03-25 19:29:01.618920,28.83,99.99,15.72,5846.15
2022-03-25 19:29:11.664227,28.52,99.99,14.39,6052.33
2022-03-25 19:29:21.694775,28.42,99.99,13.95,6129.03
2022-03-25 19:29:31.725271,28.47,99.99,14.29,6150.29
2022-03-25 19:29:41.755589,28.27,99.99,14.14,6251.47
2022-03-25 19:29:51.785990,28.28,100.00,14.33,6222.22
2022-03-25 19:30:01.831408,28.22,99.99,14.32,6277.29
2022-03-25 19:30:11.861543,28.35,99.99,15.02,6211.33
2022-03-25 19:30:21.892197,28.44,99.99,15.44,6052.33
2022-03-25 19:30:31.922608,28.52,99.99,15.91,5950.78
2022-03-25 19:30:41.952906,28.65,99.99,16.55,5683.76
2022-03-25 19:30:51.983179,28.79,99.99,16.36,5559.04
2022-03-25 19:31:02.028837,28.97,99.99,16.51,5439.67
2022-03-25 19:31:12.059321,29.12,99.99,16.49,5309.38
2022-03-25 19:31:22.089538,29.31,99.99,16.24,5236.22
2022-03-25 19:31:32.120086,29.51,99.99,17.14,5028.35
2022-03-25 19:31:42.150458,29.70,99.99,18.31,4716.31
2022-03-25 19:31:52.195891,29.88,99.99,18.08,4547.01
2022-03-25 19:32:02.226266,30.00,99.99,17.97,4396.69
2022-03-25 19:32:12.256646,30.08,99.99,17.17,4396.69
2022-03-25 19:32:22.287090,30.15,99.99,16.38,4463.09
2022-03-25 19:32:32.317708,30.06,99.99,15.70,4578.31
2022-03-25 19:32:42.362976,30.07,99.99,16.69,4543.13
2022-03-25 19:32:52.393565,29.78,99.99,15.97,4650.35
2022-03-25 19:33:02.424166,29.62,99.99,15.44,4797.12
2022-03-25 19:33:12.454781,29.48,99.99,15.15,4958.06
2022-03-25 19:33:22.485105,29.42,99.99,14.36,5165.05
2022-03-25 19:33:32.515811,29.40,100.00,14.44,5368.31
2022-03-25 19:33:42.546192,29.40,99.99,13.80,5594.11
2022-03-25 19:33:52.591612,29.16,99.99,13.30,5820.57
2022-03-25 19:34:02.622422,28.97,99.99,13.15,6059.23
2022-03-25 19:34:12.652710,28.78,99.99,13.31,6178.86
2022-03-25 19:34:22.683060,28.75,99.98,13.08,6386.56
2022-03-25 19:34:32.713570,28.73,99.99,13.27,6576.02
2022-03-25 19:34:42.759020,28.80,99.99,13.56,6559.80
2022-03-25 19:34:52.789489,28.65,99.99,13.54,6654.16
2022-03-25 19:35:02.820052,28.60,99.99,13.07,6860.09
2022-03-25 19:35:12.850391,28.47,99.99,12.97,7000.00
2022-03-25 19:35:22.880817,28.41,99.98,13.12,7037.04
2022-03-25 19:35:32.911352,28.41,99.99,13.40,7140.94
2022-03-25 19:35:42.956624,28.39,99.99,13.41,7160.16
2022-03-25 19:35:52.986958,28.40,99.99,13.63,7150.54
2022-03-25 19:36:03.017426,28.52,99.98,13.92,7112.30
2022-03-25 19:36:13.048122,28.62,99.99,14.34,7023.10
2022-03-25 19:36:23.078617,28.70,99.99,14.53,6963.35
2022-03-25 19:36:33.123993,28.68,99.98,14.27,6936.12
2022-03-25 19:36:43.154489,28.70,99.98,13.73,7088.61
2022-03-25 19:36:53.184899,28.80,99.98,14.00,6972.48
2022-03-25 19:37:03.215460,28.85,99.98,14.05,6927.08
2022-03-25 19:37:13.245704,28.87,99.98,14.32,6927.08
2022-03-25 19:37:23.291290,28.91,99.98,14.47,6846.85
2022-03-25 19:37:33.321907,28.95,99.98,14.74,6717.17
2022-03-25 19:37:43.352545,28.82,99.99,14.41,6742.71
2022-03-25 19:37:53.382876,28.75,99.99,13.88,6886.73
2022-03-25 19:38:03.413682,28.69,99.99,13.64,6981.63
2022-03-25 19:38:13.443935,28.69,99.98,13.34,7107.55
2022-03-25 19:38:23.474303,28.61,99.99,12.94,7317.74
2022-03-25 19:38:33.519739,28.43,99.98,12.98,7388.89
2022-03-25 19:38:43.550412,28.45,99.98,13.40,7466.67
2022-03-25 19:38:53.581021,28.56,99.99,13.79,7388.89
2022-03-25 19:39:03.611516,28.51,99.98,13.63,7430.17
2022-03-25 19:39:13.641906,28.56,99.99,13.47,7546.10
2022-03-25 19:39:23.687403,28.66,99.99,14.15,7358.23
2022-03-25 19:39:33.717919,28.44,99.99,13.74,7450.98
2022-03-25 19:39:43.748458,28.28,99.99,13.44,7556.82
2022-03-25 19:39:53.779277,28.26,99.99,13.16,7710.15
2022-03-25 19:40:03.809711,28.30,99.99,13.31,7777.78
2022-03-25 19:40:13.839856,28.39,99.98,13.04,7875.65
2022-03-25 19:40:23.884882,28.44,99.98,12.77,8042.33
2022-03-25 19:40:33.915310,28.48,99.98,12.72,8128.34
2022-03-25 19:40:43.945970,28.45,99.98,12.75,8172.04
2022-03-25 19:40:53.976196,28.54,99.98,12.52,8377.95
2022-03-25 19:41:04.006614,28.57,99.98,12.60,8431.06
2022-03-25 19:41:14.052234,28.59,99.98,13.37,8358.21
2022-03-25 19:41:24.082573,28.60,99.98,13.99,8085.11
2022-03-25 19:41:34.113014,28.62,99.98,13.72,7976.01
2022-03-25 19:41:44.143454,28.61,99.98,13.94,7904.90
2022-03-25 19:41:54.173924,28.53,99.98,13.99,7812.04
2022-03-25 19:42:04.219598,28.45,99.98,13.49,7916.67
2022-03-25 19:42:14.249957,28.40,99.99,13.06,8115.94
2022-03-25 19:42:24.280223,28.38,99.98,13.15,8091.25
2022-03-25 19:42:34.310671,28.30,99.98,12.80,8286.60
2022-03-25 19:42:44.341146,28.34,99.98,12.47,8471.34
2022-03-25 19:42:54.371413,28.43,99.98,12.81,8491.62
2022-03-25 19:43:04.401893,28.32,99.98,13.05,8518.82
2022-03-25 19:43:14.447113,28.33,99.98,13.20,8397.79
2022-03-25 19:43:24.477562,28.31,99.98,13.59,8371.36
2022-03-25 19:43:34.508034,28.26,99.98,13.66,8286.60
2022-03-25 19:43:44.538516,28.16,99.98,13.14,8391.17
2022-03-25 19:43:54.568935,28.12,99.98,13.04,8391.17
2022-03-25 19:44:04.614359,28.21,99.98,13.55,8293.06
2022-03-25 19:44:14.644923,28.33,99.97,14.64,8000.00
2022-03-25 19:44:24.675016,28.27,99.98,14.07,7964.07
2022-03-25 19:44:34.705338,28.26,99.98,13.47,8012.05
2022-03-25 19:44:44.735615,28.25,99.98,13.47,8085.11
2022-03-25 19:44:54.781067,28.14,99.98,13.49,8060.61
2022-03-25 19:45:04.811586,28.00,99.98,13.00,8260.87
2022-03-25 19:45:14.841990,28.03,99.98,12.69,8518.82
2022-03-25 19:45:24.872444,28.09,99.98,13.77,8228.92
2022-03-25 19:45:34.902940,28.10,99.98,14.63,7987.99
2022-03-25 19:45:44.933221,28.09,99.98,14.60,7869.82
2022-03-25 19:45:54.978884,28.13,99.98,14.08,8012.05
2022-03-25 19:46:05.009390,28.07,99.98,13.85,7976.01
2022-03-25 19:46:15.040256,28.10,99.98,13.60,8072.84
2022-03-25 19:46:25.070714,28.16,99.98,13.21,8222.57
2022-03-25 19:46:35.101498,28.23,99.98,13.24,8254.46
2022-03-25 19:46:45.146682,28.09,99.98,13.43,8209.88
2022-03-25 19:46:55.176974,27.92,99.98,13.18,8235.29
2022-03-25 19:47:05.207574,27.84,99.98,13.12,8404.42
2022-03-25 19:47:15.238238,27.96,99.97,13.07,8457.87
2022-03-25 19:47:25.268530,28.04,99.98,13.67,8312.50
2022-03-25 19:47:35.298632,28.02,99.98,13.35,8358.21
2022-03-25 19:47:45.344090,28.06,99.97,13.29,8444.44
2022-03-25 19:47:55.374580,28.15,99.97,13.50,8377.95
2022-03-25 19:48:05.405320,28.29,99.97,14.23,8128.34
2022-03-25 19:48:15.435497,28.42,99.97,15.64,7732.56
2022-03-25 19:48:25.465870,28.33,99.97,15.79,7508.82
2022-03-25 19:48:35.511647,28.23,99.97,15.07,7482.42
2022-03-25 19:48:45.541865,28.05,99.97,14.16,7567.57
2022-03-25 19:48:55.572340,27.90,99.98,13.49,7789.17
2022-03-25 19:49:05.602838,27.74,99.97,13.35,7952.17
2022-03-25 19:49:15.633150,27.83,99.97,13.40,8072.84
2022-03-25 19:49:25.663652,27.98,99.97,13.33,8159.51
2022-03-25 19:49:35.708913,27.91,99.97,13.35,8273.72
2022-03-25 19:49:45.739070,28.03,99.97,13.44,8260.87
2022-03-25 19:49:55.769693,28.15,99.97,14.18,8054.50
2022-03-25 19:50:05.799953,28.17,99.97,15.01,7910.78
2022-03-25 19:50:15.830390,28.13,99.97,14.60,7823.53
2022-03-25 19:50:25.860720,28.08,99.97,13.75,7952.17
2022-03-25 19:50:35.906079,28.11,99.97,14.17,7893.17
2022-03-25 19:50:45.936469,28.07,99.97,13.65,8048.41
2022-03-25 19:50:55.967148,27.96,99.97,13.31,8109.76
2022-03-25 19:51:05.997623,27.99,99.97,13.29,8228.92
2022-03-25 19:51:16.027887,27.98,99.97,13.39,8228.92
2022-03-25 19:51:26.073407,28.05,99.97,13.56,8260.87
2022-03-25 19:51:36.103549,28.10,99.97,14.24,8060.61
2022-03-25 19:51:46.133940,28.18,99.97,14.49,7993.99
2022-03-25 19:51:56.164000,28.19,99.97,14.02,8036.25
2022-03-25 19:52:06.194510,28.16,99.98,13.83,8036.25
2022-03-25 19:52:16.225071,28.20,99.98,14.11,7952.17
2022-03-25 19:52:26.270635,28.24,99.98,13.95,7910.78
2022-03-25 19:52:36.301175,28.21,99.97,13.60,8024.13
2022-03-25 19:52:46.331674,28.03,99.98,13.07,8235.29
2022-03-25 19:52:56.362194,28.07,99.97,13.07,8273.72
2022-03-25 19:53:06.392673,28.01,99.98,12.99,8377.95
2022-03-25 19:53:16.438305,28.02,99.98,13.16,8457.87
2022-03-25 19:53:26.468920,27.90,99.98,13.16,8525.64
2022-03-25 19:53:36.499507,27.84,99.98,13.03,8622.37
2022-03-25 19:53:46.529996,27.80,99.98,13.34,8594.51
2022-03-25 19:53:56.560107,27.77,99.97,13.52,8559.94
2022-03-25 19:54:06.590717,27.65,99.97,13.31,8573.73
2022-03-25 19:54:16.621156,27.69,99.97,13.12,8750.00
2022-03-25 19:54:26.666630,27.60,99.98,13.18,8778.88
2022-03-25 19:54:36.697142,27.59,99.98,13.48,8714.17
2022-03-25 19:54:46.727770,27.61,99.97,13.60,8678.63
2022-03-25 19:54:56.757848,27.64,99.97,13.24,8764.42
2022-03-25 19:55:06.788380,27.57,99.98,13.27,8815.24
2022-03-25 19:55:16.834002,27.63,99.98,13.29,8807.95
2022-03-25 19:55:26.864229,27.49,99.98,13.29,8866.67
2022-03-25 19:55:36.894531,27.39,99.98,13.25,8786.13
2022-03-25 19:55:46.924906,27.29,99.98,13.23,8926.17
2022-03-25 19:55:56.955438,27.21,99.97,13.10,9063.03
2022-03-25 19:56:06.985692,27.15,99.97,13.13,9117.39
2022-03-25 19:56:17.031042,27.06,99.97,13.15,9094.02
2022-03-25 19:56:27.061451,27.14,99.98,13.17,9236.11
2022-03-25 19:56:37.091895,27.26,99.98,13.43,9047.62
2022-03-25 19:56:47.122147,27.37,99.98,14.43,8896.32
2022-03-25 19:56:57.152560,27.40,99.97,14.71,8771.64
2022-03-25 19:57:07.183199,27.41,99.98,14.36,8678.63
2022-03-25 19:57:17.228335,27.47,99.98,14.64,8643.38
2022-03-25 19:57:27.258653,27.45,99.97,14.32,8566.83
2022-03-25 19:57:37.289242,27.61,99.97,14.98,8235.29
2022-03-25 19:57:47.319879,27.72,99.97,15.10,8000.00
2022-03-25 19:57:57.350019,27.95,99.97,16.36,7461.43
2022-03-25 19:58:07.395684,28.10,99.98,16.83,7065.07
2022-03-25 19:58:17.426527,28.27,99.97,16.95,6777.07
2022-03-25 19:58:27.456865,28.42,99.97,16.19,6717.17
2022-03-25 19:58:37.487074,28.57,99.97,16.47,6503.67
2022-03-25 19:58:47.517600,28.72,99.97,17.84,6150.29
2022-03-25 19:58:57.548038,28.85,99.97,17.08,6073.06
2022-03-25 19:59:07.578480,28.90,99.97,16.54,5957.45
2022-03-25 19:59:17.624054,28.99,99.98,17.00,5770.06
2022-03-25 19:59:27.654500,29.10,99.97,17.24,5671.64
2022-03-25 19:59:37.684886,29.20,99.97,17.00,5547.44
2022-03-25 19:59:47.715188,29.24,99.97,16.12,5647.56
2022-03-25 19:59:57.745371,29.32,99.97,15.73,5677.69
2022-03-25 20:00:07.790896,29.29,99.97,15.61,5714.29
2022-03-25 20:00:17.821243,29.25,99.97,15.58,5839.74
2022-03-25 20:00:27.851677,29.21,99.97,14.67,6052.33
2022-03-25 20:00:37.882253,29.24,99.97,14.34,6207.70
2022-03-25 20:00:47.912621,29.16,99.98,14.70,6266.19
2022-03-25 20:00:57.958192,29.10,99.97,13.98,6527.61
2022-03-25 20:01:07.988570,29.09,99.97,13.85,6721.42
2022-03-25 20:01:18.018925,29.12,99.98,14.26,6700.25
2022-03-25 20:01:28.049081,29.02,99.98,14.02,6868.95
2022-03-25 20:01:38.079405,28.98,99.97,13.83,7009.22
2022-03-25 20:01:48.109726,29.01,99.97,14.15,7046.36
2022-03-25 20:01:58.155201,29.11,99.97,14.89,6922.58
2022-03-25 20:02:08.185673,29.20,99.97,15.23,6742.71
2022-03-25 20:02:18.216144,29.36,99.97,16.10,6479.90
2022-03-25 20:02:28.246581,29.45,99.97,17.04,6160.97
2022-03-25 20:02:38.276931,29.55,99.97,17.13,5950.78
2022-03-25 20:02:48.322492,29.51,99.97,16.59,5911.11
2022-03-25 20:02:58.353260,29.20,99.97,14.65,6136.10
2022-03-25 20:03:08.383799,29.07,99.97,13.68,6444.58
2022-03-25 20:03:18.414431,28.99,99.97,13.78,6608.70
2022-03-25 20:03:28.444605,28.95,99.97,13.79,6816.14
2022-03-25 20:03:38.475011,28.86,99.97,13.57,7000.00
2022-03-25 20:03:48.505392,28.76,99.97,13.21,7257.84
2022-03-25 20:03:58.550987,28.60,99.97,13.00,7456.20
2022-03-25 20:04:08.581485,28.58,99.97,13.16,7535.41
2022-03-25 20:04:18.612074,28.56,99.97,13.69,7594.58
2022-03-25 20:04:28.642504,28.63,99.96,14.19,7508.82
2022-03-25 20:04:38.672951,28.58,99.97,14.37,7424.98
2022-03-25 20:04:48.718072,28.57,99.96,14.32,7508.82
2022-03-25 20:04:58.748652,28.63,99.96,14.24,7482.42
2022-03-25 20:05:08.779196,28.62,99.96,13.88,7551.46
2022-03-25 20:05:18.809572,28.70,99.97,13.89,7715.74
2022-03-25 20:05:28.840198,28.71,99.96,14.11,7583.75
2022-03-25 20:05:38.885601,28.71,99.96,13.57,7789.17
2022-03-25 20:05:48.916029,28.70,99.96,13.61,7812.04
2022-03-25 20:05:58.946358,28.60,99.96,13.59,7864.01
2022-03-25 20:06:08.976853,28.43,99.96,13.35,8042.33
2022-03-25 20:06:19.007307,28.42,99.96,12.85,8178.32
2022-03-25 20:06:29.037552,28.25,99.96,12.73,8437.75
2022-03-25 20:06:39.082906,28.14,99.96,12.68,8553.05
2022-03-25 20:06:49.113298,27.99,99.96,12.83,8678.63
2022-03-25 20:06:59.143818,27.92,99.96,12.85,8822.55
2022-03-25 20:07:09.174299,27.80,99.96,12.88,8851.91
2022-03-25 20:07:19.204961,27.78,99.96,13.15,8815.24
2022-03-25 20:07:29.250351,27.78,99.96,13.39,8793.39
2022-03-25 20:07:39.280788,27.75,99.96,13.34,8896.32
2022-03-25 20:07:49.311580,27.75,99.96,13.19,8903.77
2022-03-25 20:07:59.341635,27.87,99.96,13.97,8778.88
2022-03-25 20:08:09.372369,27.88,99.96,14.52,8664.50
2022-03-25 20:08:19.402740,27.84,99.96,14.76,8512.00
2022-03-25 20:08:29.432805,27.84,99.96,14.48,8444.44
2022-03-25 20:08:39.478069,27.90,99.97,13.74,8505.20
2022-03-25 20:08:49.508543,27.87,99.96,14.01,8580.64
2022-03-25 20:08:59.538762,27.96,99.96,13.86,8498.40
2022-03-25 20:09:09.569243,28.09,99.96,14.90,8358.21
2022-03-25 20:09:19.599612,28.16,99.96,14.42,8306.01
2022-03-25 20:09:29.645292,28.24,99.96,14.12,8273.72
2022-03-25 20:09:39.675879,28.42,99.96,15.30,7946.23
2022-03-25 20:09:49.706244,28.38,99.96,15.62,7743.81
2022-03-25 20:09:59.736717,28.42,99.96,15.33,7621.78
2022-03-25 20:10:09.767006,28.41,99.96,15.62,7524.75
2022-03-25 20:10:19.812349,28.33,99.96,14.66,7665.71
2022-03-25 20:10:29.842816,28.26,99.96,13.95,7881.48
2022-03-25 20:10:39.873373,28.26,99.96,14.13,7846.61
2022-03-25 20:10:49.903875,28.24,99.96,14.08,8018.09
2022-03-25 20:10:59.934331,28.18,99.96,13.78,8172.04
2022-03-25 20:11:09.964902,28.12,99.96,13.54,8209.88
2022-03-25 20:11:19.995418,28.20,99.96,14.30,8134.56
2022-03-25 20:11:30.040998,28.19,99.96,14.17,8222.57
2022-03-25 20:11:40.071306,28.18,99.96,13.96,8235.29
2022-03-25 20:11:50.101852,28.23,99.95,13.74,8338.56
2022-03-25 20:12:00.132283,28.27,99.96,13.80,8306.01
2022-03-25 20:12:10.163086,28.30,99.96,13.80,8312.50
2022-03-25 20:12:20.208247,28.39,99.96,13.67,8377.95
2022-03-25 20:12:30.238561,28.45,99.96,14.00,8338.56
2022-03-25 20:12:40.269137,28.38,99.95,13.83,8345.10
2022-03-25 20:12:50.299661,28.46,99.96,13.64,8299.53
2022-03-25 20:13:00.329753,28.48,99.96,14.29,8267.29
2022-03-25 20:13:10.360276,28.56,99.95,14.98,7987.99
2022-03-25 20:13:20.405703,28.53,99.95,14.75,7958.12
2022-03-25 20:13:30.436278,28.59,99.95,14.51,7976.01
2022-03-25 20:13:40.466615,28.61,99.95,13.98,8000.00
2022-03-25 20:13:50.496906,28.65,99.95,13.50,8085.11
2022-03-25 20:14:00.527393,28.69,99.95,13.76,8109.76
2022-03-25 20:14:10.572776,28.71,99.95,13.76,8165.77
2022-03-25 20:14:20.603384,28.75,99.95,13.58,8216.22
2022-03-25 20:14:30.633831,28.74,99.95,13.79,8273.72
2022-03-25 20:14:40.664351,28.73,99.95,13.49,8391.17
2022-03-25 20:14:50.694508,28.77,99.95,13.70,8306.01
2022-03-25 20:15:00.725050,28.86,99.95,14.64,8103.58
2022-03-25 20:15:10.770262,28.93,99.95,14.25,8048.41
2022-03-25 20:15:20.800600,29.02,99.95,14.11,8036.25
2022-03-25 20:15:30.831172,28.98,99.95,13.95,8042.33
2022-03-25 20:15:40.861599,29.03,99.95,13.75,8060.61
2022-03-25 20:15:50.891908,29.04,99.95,14.05,7993.99
2022-03-25 20:16:00.922466,29.03,99.95,13.73,8109.76
2022-03-25 20:16:10.967989,29.03,99.95,13.72,8153.26
2022-03-25 20:16:20.998686,29.01,99.95,13.41,8190.92
2022-03-25 20:16:31.028842,28.97,99.95,13.37,8280.16
2022-03-25 20:16:41.059070,29.02,99.95,13.60,8241.67
2022-03-25 20:16:51.089572,29.10,99.95,13.74,8222.57
2022-03-25 20:17:01.135272,29.21,99.95,13.81,8209.88
2022-03-25 20:17:11.165710,29.31,99.95,14.23,8140.78
2022-03-25 20:17:21.196106,29.24,99.94,13.68,8222.57
2022-03-25 20:17:31.226548,29.31,99.95,13.53,8280.16
2022-03-25 20:17:41.257099,29.31,99.95,13.92,8197.23
2022-03-25 20:17:51.287648,29.31,99.94,13.92,8165.77
2022-03-25 20:18:01.333187,29.20,99.94,13.38,8397.79
2022-03-25 20:18:11.364178,29.10,99.94,12.77,8657.45
2022-03-25 20:18:21.394400,29.15,99.94,12.57,8685.71
2022-03-25 20:18:31.424943,29.16,99.94,12.85,8807.95
2022-03-25 20:18:41.455659,29.14,99.94,13.65,8678.63
2022-03-25 20:18:51.501309,29.13,99.94,13.40,8678.63
2022-03-25 20:19:01.531713,29.00,99.94,13.12,8800.66
2022-03-25 20:19:11.562017,28.95,99.94,12.83,8926.17
2022-03-25 20:19:21.592417,28.94,99.94,12.87,9009.31
2022-03-25 20:19:31.622785,28.85,99.94,12.94,9024.60
2022-03-25 20:19:41.653357,28.92,99.94,13.23,9024.60
2022-03-25 20:19:51.698813,28.88,99.94,13.36,8941.18
2022-03-25 20:20:01.729310,28.83,99.94,13.07,9156.63
2022-03-25 20:20:11.759476,28.70,99.94,12.84,9156.63
2022-03-25 20:20:21.790005,28.69,99.94,12.90,9300.70
2022-03-25 20:20:31.820479,28.61,99.94,12.75,9382.72
2022-03-25 20:20:41.850955,28.51,99.94,12.50,9500.00
2022-03-25 20:20:51.896519,28.42,99.94,12.41,9708.03
2022-03-25 20:21:01.927195,28.36,99.93,12.60,9743.59
2022-03-25 20:21:11.957629,28.42,99.94,12.83,9699.18
2022-03-25 20:21:21.988232,28.39,99.93,12.88,9734.67
2022-03-25 20:21:32.018855,28.35,99.94,12.73,9797.42
2022-03-25 20:21:42.064378,28.17,99.93,12.59,9962.55
2022-03-25 20:21:52.094938,28.09,99.93,12.31,10094.88
2022-03-25 20:22:02.125440,28.16,99.93,12.22,10270.27
2022-03-25 20:22:12.155645,28.21,99.93,12.19,10360.27
2022-03-25 20:22:22.186230,28.22,99.93,12.56,10350.20
2022-03-25 20:22:32.216535,28.21,99.93,13.19,10211.13
2022-03-25 20:22:42.261834,28.18,99.93,13.49,10094.88
2022-03-25 20:22:52.292454,28.18,99.93,13.03,10152.67
2022-03-25 20:23:02.323011,28.18,99.93,12.81,10142.99
2022-03-25 20:23:12.353188,28.13,99.93,12.80,10220.94
2022-03-25 20:23:22.383724,28.14,99.94,12.93,10270.27
2022-03-25 20:23:32.429247,28.12,99.93,12.62,10410.96
2022-03-25 20:23:42.459544,28.16,99.93,13.11,10260.37
2022-03-25 20:23:52.490142,28.18,99.93,13.30,10330.10
2022-03-25 20:24:02.520870,28.26,99.93,12.95,10340.14
2022-03-25 20:24:12.551095,28.26,99.93,13.01,10370.37
2022-03-25 20:24:22.581795,28.28,99.94,13.10,10220.94
2022-03-25 20:24:32.626836,28.26,99.93,13.28,10152.67
2022-03-25 20:24:42.657155,28.20,99.93,12.98,10162.37
2022-03-25 20:24:52.687479,28.16,99.93,12.74,10211.13
2022-03-25 20:25:02.718029,28.03,99.93,12.71,10250.48
2022-03-25 20:25:12.748280,27.92,99.93,12.77,10290.13
2022-03-25 20:25:22.793653,27.86,99.93,12.87,10310.08
2022-03-25 20:25:32.824277,27.83,99.93,13.05,10211.13
2022-03-25 20:25:42.854774,27.69,99.93,12.90,10300.10
2022-03-25 20:25:52.885000,27.72,99.93,12.97,10260.37
2022-03-25 20:26:02.915991,27.84,99.93,13.21,10152.67
2022-03-25 20:26:12.945919,27.98,99.93,14.28,9824.56
2022-03-25 20:26:22.991316,28.07,99.93,14.70,9407.60
2022-03-25 20:26:33.021883,28.23,99.93,15.62,8971.33
2022-03-25 20:26:43.052242,28.33,99.92,15.95,8671.56
2022-03-25 20:26:53.082558,28.46,99.93,15.95,8391.17
2022-03-25 20:27:03.113137,28.58,99.93,16.24,7993.99
2022-03-25 20:27:13.143578,28.70,99.93,16.91,7610.87
2022-03-25 20:27:23.189166,28.81,99.93,17.05,7322.78
2022-03-25 20:27:33.219929,28.88,99.93,16.77,7041.69
2022-03-25 20:27:43.250333,28.89,99.93,15.85,7009.22
2022-03-25 20:27:53.280899,28.87,99.93,15.00,7107.55
2022-03-25 20:28:03.311525,28.89,99.93,14.04,7307.69
2022-03-25 20:28:13.356737,28.89,99.93,13.72,7519.44
2022-03-25 20:28:23.387118,28.77,99.92,13.35,7698.99
2022-03-25 20:28:33.417734,28.71,99.93,13.10,7952.17
2022-03-25 20:28:43.448370,28.72,99.93,13.10,8109.76
2022-03-25 20:28:53.478948,28.78,99.93,13.66,8097.41
2022-03-25 20:29:03.509168,28.82,99.93,14.43,8000.00
2022-03-25 20:29:13.554671,28.86,99.93,14.01,8122.14
2022-03-25 20:29:23.585175,28.84,99.93,13.56,8248.06
2022-03-25 20:29:33.615518,28.77,99.93,13.59,8338.56
2022-03-25 20:29:43.646162,28.77,99.92,13.15,8478.09
2022-03-25 20:29:53.676414,28.74,99.93,13.10,8601.46
2022-03-25 20:30:03.706915,28.69,99.92,13.12,8671.56
2022-03-25 20:30:13.752311,28.68,99.92,13.05,8764.42
2022-03-25 20:30:23.782623,28.69,99.92,13.30,8771.64
2022-03-25 20:30:33.813029,28.76,99.92,13.57,8844.55
2022-03-25 20:30:43.843440,28.82,99.92,13.91,8707.04
2022-03-25 20:30:53.873922,28.85,99.92,14.47,8525.64
2022-03-25 20:31:03.919301,28.77,99.92,14.74,8391.17
2022-03-25 20:31:13.949791,28.64,99.92,14.47,8319.00
2022-03-25 20:31:23.980211,28.59,99.92,13.71,8512.00
2022-03-25 20:31:34.010570,28.53,99.92,13.46,8546.18
2022-03-25 20:31:44.040919,28.55,99.92,13.98,8444.44
2022-03-25 20:31:54.071464,28.44,99.92,13.48,8553.05
2022-03-25 20:32:04.116926,28.30,99.92,13.18,8657.45
2022-03-25 20:32:14.147375,28.30,99.92,13.29,8815.24
2022-03-25 20:32:24.177780,28.34,99.92,13.32,8911.22
2022-03-25 20:32:34.208377,28.35,99.92,13.35,8956.23
2022-03-25 20:32:44.238552,28.34,99.92,13.25,9101.80
2022-03-25 20:32:54.284226,28.37,99.92,13.10,9172.41
2022-03-25 20:33:04.314814,28.45,99.92,13.26,9140.89
2022-03-25 20:33:14.345219,28.57,99.92,13.27,9164.51
2022-03-25 20:33:24.375837,28.54,99.92,13.64,9032.26
2022-03-25 20:33:34.406444,28.59,99.92,13.32,9101.80
2022-03-25 20:33:44.437100,28.66,99.92,13.31,9109.59
2022-03-25 20:33:54.467388,28.66,99.92,13.47,9063.03
2022-03-25 20:34:04.512845,28.65,99.92,13.55,9024.60
2022-03-25 20:34:14.543296,28.66,99.92,13.44,9016.95
2022-03-25 20:34:24.573971,28.50,99.92,13.20,9109.59
2022-03-25 20:34:34.604781,28.63,99.91,12.94,9117.39
2022-03-25 20:34:44.635090,28.60,99.92,13.12,9109.59
2022-03-25 20:34:54.680513,28.71,99.92,13.52,9009.31
2022-03-25 20:35:04.710990,28.71,99.91,13.59,8911.22
2022-03-25 20:35:14.741497,28.66,99.91,13.43,9001.69
2022-03-25 20:35:24.772118,28.63,99.91,13.36,8978.90
2022-03-25 20:35:34.802688,28.68,99.91,13.87,8859.28
2022-03-25 20:35:44.847869,28.72,99.92,13.86,8837.21
2022-03-25 20:35:54.878314,28.76,99.91,13.66,8822.55
2022-03-25 20:36:04.908693,28.79,99.91,13.81,8692.81
2022-03-25 20:36:14.939074,28.90,99.92,14.21,8559.94
2022-03-25 20:36:24.969416,28.92,99.91,14.72,8397.79
2022-03-25 20:36:34.999910,28.93,99.91,14.99,8203.55
2022-03-25 20:36:45.030433,28.89,99.91,14.15,8222.57
2022-03-25 20:36:55.075882,28.92,99.91,13.68,8371.36
2022-03-25 20:37:05.106510,28.94,99.91,14.10,8248.06
2022-03-25 20:37:15.136792,28.88,99.91,14.09,8147.01
2022-03-25 20:37:25.167512,28.86,99.91,13.74,8280.16
2022-03-25 20:37:35.197941,28.82,99.91,13.44,8325.51
2022-03-25 20:37:45.243235,28.75,99.91,13.45,8364.78
2022-03-25 20:37:55.273684,28.67,99.91,13.46,8404.42
2022-03-25 20:38:05.304231,28.60,99.91,13.61,8417.72
2022-03-25 20:38:15.334634,28.51,99.90,13.35,8491.62
2022-03-25 20:38:25.364878,28.55,99.90,13.30,8657.45
2022-03-25 20:38:35.395138,28.54,99.90,13.32,8650.41
2022-03-25 20:38:45.440520,28.57,99.91,13.56,8608.41
2022-03-25 20:38:55.470842,28.57,99.91,13.77,8587.57
2022-03-25 20:39:05.501150,28.46,99.91,13.88,8566.83
2022-03-25 20:39:15.531508,28.22,99.90,13.55,8629.36
2022-03-25 20:39:25.561782,28.16,99.91,13.41,8757.20
2022-03-25 20:39:35.606833,28.13,99.91,13.36,8822.55
2022-03-25 20:39:45.637579,28.07,99.90,13.39,8844.55
2022-03-25 20:39:55.668082,28.08,99.91,13.80,8851.91
2022-03-25 20:40:05.698906,27.97,99.90,13.90,8822.55
2022-03-25 20:40:15.729288,27.92,99.90,13.63,8793.39
2022-03-25 20:40:25.774747,27.92,99.90,13.60,8844.55
2022-03-25 20:40:35.805121,27.96,99.90,13.89,8778.88
2022-03-25 20:40:45.835336,28.04,99.90,14.32,8657.45
2022-03-25 20:40:55.865581,28.15,99.91,14.28,8539.33
2022-03-25 20:41:05.895824,28.18,99.91,14.44,8444.44
2022-03-25 20:41:15.926424,28.22,99.90,14.18,8377.95
2022-03-25 20:41:25.957002,28.31,99.90,14.42,8235.29
2022-03-25 20:41:36.002509,28.35,99.90,14.75,8203.55
2022-03-25 20:41:46.033073,28.43,99.90,14.43,8140.78
2022-03-25 20:41:56.063768,28.55,99.90,14.73,7987.99
2022-03-25 20:42:06.094475,28.63,99.90,14.82,7835.05
2022-03-25 20:42:16.124810,28.72,99.90,14.59,7858.20
2022-03-25 20:42:26.170394,28.85,99.90,14.52,7766.42
2022-03-25 20:42:36.200943,28.98,99.90,14.56,7621.78
2022-03-25 20:42:46.231468,29.09,99.90,15.75,7282.68
2022-03-25 20:42:56.261672,29.08,99.90,15.69,7088.61
2022-03-25 20:43:06.292193,29.13,99.90,15.52,6945.17
2022-03-25 20:43:16.322518,29.21,99.90,15.98,6755.56
2022-03-25 20:43:26.368143,29.18,99.91,15.51,6734.18
2022-03-25 20:43:36.398563,29.15,99.90,14.66,6877.83
2022-03-25 20:43:46.428582,29.22,99.90,15.23,6794.38
2022-03-25 20:43:56.458911,29.34,99.90,16.54,6503.67
2022-03-25 20:44:06.489378,29.39,99.90,16.07,6464.16
2022-03-25 20:44:16.534872,29.46,99.90,15.05,6511.63
2022-03-25 20:44:26.565185,29.53,99.90,14.88,6499.69
2022-03-25 20:44:36.595595,29.64,99.90,14.89,6417.37
2022-03-25 20:44:46.626176,29.68,99.90,15.19,6421.24
